3512 5842
386 856 428 920 58
485 870 666 922 sarratam
690 871 794 920 ronrs
817 873 860 921 or
884 873 954 921 run
977 873 1144 923 rwunrrn
1168 875 1339 927 onuruur.

386 1047 404 1079 “
426 1045 540 1112 Affuit
561 1047 689 1113 interea
710 1047 868 1113 cantandi
891 1047 1052 1134 temporis
1075 1049 1165 1132 hora,

431 1154 450 1185 “
472 1150 537 1216 Sed
560 1154 676 1216 cantor
697 1171 809 1216 voeem
832 1149 1031 1236 eupprimit1
1053 1155 1154 1238 atque
1176 1173 1301 1220 sonum.

386 1259 404 1288 “
427 1253 503 1319 Vox
525 1253 608 1331 silet,
633 1257 668 1319 et
691 1257 812 1331 cantor,
837 1251 956 1338 potusi
977 1253 1096 1320 siluere
1118 1255 1274 1337 ministri,

431 1361 448 1390 “
471 1356 600 1436 Pocula,
623 1377 701 1436 nox,
724 1375 858 1448 somnus
880 1377 963 1441 quos
985 1356 1124 1444 vigilare
1146 1361 1271 1424 vetant

387 1465 404 1492 “
426 1458 668 1543 Admiransque
691 1456 750 1521 diu
775 1457 900 1542 gallina
921 1457 1055 1524 silentia
1077 1458 1166 1544 gani,

431 1565 448 1594 “
472 1560 516 1624 Et
538 1559 627 1645 quod
649 1560 692 1624 ab
715 1557 819 1622 offioio
843 1557 971 1624 eederet
993 1560 1064 1646 ipse
1086 1581 1154 1641 suo,

386 1669 403 1698 “
428 1661 560 1727 Leviter
583 1661 737 1726 accedens
760 1682 887 1748 sponso,
909 1661 1072 1748 suggessit
1093 1661 1130 1725 in
1152 1661 1256 1742 aure,³

429 1771 446 1798 “
470 1762 566 1842 Quod
584 1763 656 1846 jam
678 1764 874 1827 transissent
897 1767 1028 1849 tempus
1051 1769 1086 1828 et
1108 1765 1190 1828 hora
1212 1763 1318 1830 simul.

387 1872 403 1902 “
427 1864 494 1944 Qui
516 1864 686 1950 respondit
706 1864 765 1944 ita,
788 1864 887 1929 ‘Noli
909 1886 1039 1942 vexare,
1064 1865 1215 1951 quiesce!

430 1972 448 2000 “
472 1965 632 2052 ‘Semper
654 1965 717 2030 eris
739 1967 864 2046 stulta;
894 1965 1008 2044 stulta,
1030 1967 1153 2044 recede,
1177 1973 1312 2053 preeor!

385 2077 403 2105 “
428 2069 511 2133 ‘Vsa
534 2067 588 2132 oui
610 2067 713 2132 stulta
735 2089 842 2157 eomes
865 2067 978 2133 sociali
1000 2068 1123 2133 foedere
1145 2069 1286 2154 nupsit!

430 2175 447 2204 “
470 2168 573 2233 ‘Non
595 2168 659 2233 erit
681 2167 771 2233 illius
793 2169 915 2254 absque
942 2169 1053 2235 dolore
1075 2169 1188 2236 torus'

384 2278 401 2306 “
424 2271 495 2336 Nee
517 2271 627 2334 minus
648 2269 706 2334 illa
728 2275 848 2349 tamen,
872 2271 972 2336 nimis
994 2271 1192 2357 importuna,
1216 2273 1336 2338 marito

429 2380 447 2406 “
470 2372 609 2453 Institit,
632 2377 672 2436 ut
694 2373 800 2437 noetis
822 2377 972 2458 tempora
994 2379 1085 2438 certa
1106 2377 1211 2438 notet.

385 2483 402 2510 “
425 2475 487 2540 Ille
509 2474 566 2538 sed
588 2495 606 2539 e
629 2479 744 2540 eontra
765 2479 900 2539 tentans
922 2475 1074 2540 cohibere
1096 2477 1275 2560 loquacem,

428 2584 447 2612 “
469 2575 615 2662 Porrigit
636 2576 713 2641 inde
735 2597 853 2662 prenae,
875 2576 1011 2642 intonat
1033 2577 1110 2643 inde
1132 2579 1248 2644 minas.

383 2685 400 2715 “
425 2679 490 2742 [lla
511 2684 625 2742 tamen
642 2677 743 2763 jurat,
766 2678 831 2742 nisi
853 2683 952 2743 tanta
974 2679 1108 2744 silentia
1130 2680 1238 2745 solvat

428 2789 444 2816 “
468 2780 539 2857 ille,
562 2779 650 2864 quod
672 2779 731 2843 ilia
752 2786 857 2861 canet,
879 2781 1111 2867 concutietque
1134 2781 1287 2862 domum;

384 2889 401 2918 “
425 2880 673 2967 Impatiensque
695 2903 804 2960 morae,
826 2903 941 2946 raucas
964 2883 1004 2947 de
1026 2889 1163 2970 gutture
1185 2905 1281 2948 voees

427 2991 446 3020 “
469 2980 610 3062 Profert,
633 3003 761 3068 quaque
783 2989 892 3068 potest
914 3005 994 3049 voce
1015 3007 1131 3050 sonare
1153 2991 1257 3050 sonat.

383 3093 401 3121 a
425 3086 633 3250 quaDtamen
647 3084 778 3251 gudita,
803 3085 937 3170 quidam
958 3086 1128 3251 responlqpp
1150 3087 1305 3252 eiqiem,d
1373 3188 1379 3200 .

439 3194 447 3222 ‘
471 3195 479 3221 ‘
526 3207 623 3263 esme,
676 3207 770 3272 oppa,
793 3207 915 3273 precor,
938 3209 1017 3250 nam
1039 3209 1076 3250 nr
1145 3209 1178 3252 es
1217 3210 1282 3274 quo
1328 3208 1405 3274 agis.

384 3297 400 3327 “
425 3288 608 3370 ‘Quamvis
630 3288 754 3374 gallina
777 3293 939 3353 nocturno
961 3293 1110 3374 tempore
1131 3288 1269 3368 eantet,⁴

400 3431 404 3442 ·
427 3397 443 3426 “
468 3391 569 3455 ‘Non
590 3389 664 3455 ideo
687 3391 784 3454 citius
805 3391 866 3454 lux
889 3389 1028 3455 oriunda
1051 3389 1164 3455 venit?

382 3502 400 3530 “
423 3491 524 3559 Nox¹⁵
546 3491 615 3556 ruit
638 3492 773 3573 interea,
797 3493 913 3556 domus
936 3492 1095 3557 ebrietate
1116 3491 1280 3577 profunda

426 3601 444 3631 ‘⁸
467 3593 551 3658 Tota
573 3592 701 3680 sepulta
717 3594 816 3679 jacet,
839 3593 962 3658 dormit
984 3599 1019 3658 et
1040 3593 1109 3680 ipse
1132 3591 1222 3680 vigil.

382 3705 399 3734 “
423 3695 545 3763 Omnia
566 3716 699 3760 somnus
721 3695 809 3759 iners
831 3696 946 3781 operit,
972 3695 1160 3760 Gundulfus
1182 3697 1217 3760 et
1239 3695 1308 3781 ipse

421 3805 439 3834 “
461 3797 603 3876 Dormit,
626 3803 660 3862 et
682 3797 719 3861 in
741 3797 864 3862 somnis
887 3797 1014 3862 somnia
1035 3801 1130 3883 grata
1152 3795 1252 3861 videt.

414 4131 422 4162 ¹
434 4129 546 4194 subripit,
558 4129 588 4178 P.
958 4129 1072 4187 ‘cantat
1083 4126 1113 4175 P.

412 4210 486 4271 2tori,
497 4209 527 4258 P.
900 4266 902 4278 μ
958 4207 968 4238 ⁵
980 4205 1054 4266 Mox,
1066 4205 1099 4255 A.

413 4289 424 4321 ³
435 4291 461 4338 in
472 4304 562 4350 aurern,
573 4287 603 4336 P.
899 4279 902 4330 Ι
