3524 5802
535 893 674 944 monim
697 892 881 944 suncuuuu
903 893 1118 944 srunronuu.
1310 875 1355 947 47

300 1066 514 1154 Hospitiique
536 1087 627 1132 more
648 1065 763 1153 longos
785 1065 931 1132 relevere
952 1063 1080 1131 lubores

342 1168 484 1250 Obtulit,
507 1172 542 1234 et
564 1167 656 1233 molli
678 1167 828 1233 membre
850 1167 961 1233 fovere
983 1172 1068 1234 toro.

299 1269 451 1358 Spondet
473 1291 560 1358 opes,
583 1269 734 1350 modioos,
759 1270 926 1358 generatis
946 1269 1040 1351 festu,
1063 1267 1205 1336 salubris

344 1373 441 1439 Aeris
462 1394 635 1454 aceessum,
658 1373 816 1460 quioquid
838 1377 873 1438 et
895 1374 966 1460 ipse
988 1372 1079 1438 velit.

298 1474 358 1539 Nil
380 1475 487 1542 deerit
510 1475 607 1556 votis,
631 1475 788 1542 simulet
811 1475 912 1541 semel
934 1496 1031 1542 omne
1054 1475 1142 1562 quod
1165 1478 1260 1562 optet

342 1578 490 1660 Aouidet,
514 1577 648 1644 socedat
670 1579 740 1666 ipse
763 1577 878 1644 videre
899 1577 1016 1643 locum.

302 1679 392 1746 Nem
413 1703 515 1768 prope
537 1681 737 1768 Lugdunum
760 1681 893 1746 Rodoni
914 1679 1160 1747 oontorminusl
1190 1680 1288 1746 undis

347 1782 410 1848 Est
432 1783 517 1850 situs
540 1783 713 1849 arboribus
735 1779 906 1849 consitus8
928 1782 984 1847 ille
1006 1782 1103 1849 loeus.

301 1883 364 1950 Est
386 1885 470 1951 ulter
492 1885 667 1951 Paradisus
689 1885 744 1964 ibi,
768 1883 848 1971 quio
869 1883 1026 1972 quioquid
1047 1885 1168 1951 habere

346 1986 440 2053 Mens
462 1987 608 2053 humens
629 1987 721 2075 eupit
744 1992 834 2054 terro
855 1986 953 2053 boeto
974 1992 1079 2074 peret.

303 2088 378 2176 Ipse
400 2089 464 2156 loci
485 2090 639 2155 dominus
661 2091 774 2155 domui
796 2090 957 2176 disponet,
980 2095 1020 2156 ut
1043 2089 1113 2176 ejus

348 2188 503 2258 Oederit⁸
525 2191 671 2272 arbitrio,
695 2213 792 2258 nemo
814 2191 945 2258 rebellis
967 2191 1037 2259 erit

303 2293 434 2359 Serviet
454 2294 499 2358 ed
520 2299 642 2358 nutum
663 2293 816 2373 famulus,
839 2293 1015 2378 venietque
1037 2299 1182 2373 vooutus,

349 2395 498 2480 Quisque
519 2395 664 2482 placebit
686 2395 725 2476 ei,
749 2396 886 2481 quisque
909 2400 1064 2482 sequetur
1085 2417 1167 2463 oum.

305 2495 381 2584 Ipse
402 2496 537 2562 modum
560 2497 648 2562 diost
669 2495 758 2577 sibi,⁴
780 2517 846 2582 quo
868 2497 991 2562 servire
1013 2497 1150 2580 clientes

350 2598 422 2664 Hos
444 2598 528 2666 velit
550 2603 610 2665 sut
632 2597 729 2680 11108,ὗ
750 2619 848 2665 nemo
871 2598 1003 2665 resistet
1024 2601 1063 2666 ei.

304 2701 338 2766 N
339 2722 375 2767 oo
408 2723 516 2768 novus
547 2701 665 2788 hospes
694 2698 783 2781 erit‚⁶
819 2722 879 2767 neo
910 2706 949 2766 ut
988 2701 1118 2768 advene
1158 2723 1229 2769 ores
1270 2705 1355 2770 redi·

392 2809 496 2885 turus,

298 2963 300 2967 .
348 2903 415 2971 Sed
438 2906 533 2992 quasi
554 2909 732 2992 perpetuus
755 2905 836 2971 oivis
859 2905 895 2970 in
916 2905 999 2971 urbe
1021 2930 1090 2976 suo.

304 3007 463 3088 Postulat,
486 3006 627 3092 edjurut,
651 3006 816 3088 hortatur,
840 3012 875 3072 et
897 3008 1009 3074 omniu
1030 3010 1178 3098 spondet,

350 3109 490 3196 Vimque
512 3109 592 3175 feeit
614 3109 772 3196 precibus,
789 3131 868 3176 vooe
890 3131 1057 3198 manuque
1080 3114 1222 3180 trahens.

617 3356 859 3425 Dteer'onuloto'o
881 3358 1049 3426 Buruwltr‘.

304 3515 436 3582 Annuit
457 3514 513 3580 ille
535 3513 650 3596 libens,
674 3520 787 3580 tumen
810 3515 871 3582 hso
892 3515 953 3581 sub
976 3515 1172 3598 eonditione,

350 3616 461 3683 Tollat
482 3621 523 3682 ut
544 3638 563 3682 e
585 3615 694 3682 medio
716 3639 804 3684 mors
826 3615 963 3704 inopine
986 3639 1103 3699 osnes,

306 3718 580 3806 Comperiensque
604 3717 695 3784 dolos
719 3719 910 3798 Fromundi,
933 3719 1139 3787 dissimulare

351 3822 435 3887 Rem
457 3821 579 3904 studet,
603 3826 639 3887 et
661 3817 754 3886 risu⁷
775 3821 892 3908 pedliet
915 3843 970 3905 ore
992 3822 1064 3888 levi.

306 3923 403 3990 Dixit
425 3927 460 3988 et
481 3921 576 4012 ipse⁸
598 3921 662 3990 sibi
684 3944 794 3989 seeum
817 3923 883 3989 duo
906 3923 1016 4008 verbe,
1040 3946 1100 3990 neo
1122 3923 1179 3990 illo

351 4026 406 4094 Sic
427 4031 540 4092 tamen
562 4025 693 4093 audiret
716 4030 756 4091 ut
779 4048 858 4092 suus
880 4027 998 4114 hospes
1021 4049 1067 4094 ea.

307 4135 325 4166 “
349 4131 402 4195 En
424 4128 516 4194 uliud
538 4129 669 4195 minans
692 4129 785 4194 uliud
807 4129 988 4195 meditatur
1010 4128 1138 4212 asellus,

353 4237 371 4267 “
394 4231 543 4297 Eventus
565 4232 675 4298 varios
697 4231 830 4296 dissone
852 4238 932 4298 vota
954 4237 1080 4300 tenent.

344 4542 351 4574 ¹
364 4549 416 4592 etat
427 4543 549 4603 mnus,
561 4541 590 4592 P.
891 4537 969 4651 :Hos
981 4548 1052 4590 vocat
1062 4547 1086 4590 et
1096 4539 1156 4606 illos,
1168 4541 1198 4593 P.

342 4620 580 4759 awti...
591 4699 621 4749 P.
891 4619 1071 4762 diffie.

343 4781 353 4811 ⁴
365 4779 428 4830 dcet
439 4778 490 4836 ubi,
502 4779 532 4830 P.
890 4777 902 4808 ⁸
914 4777 961 4838 ille,
974 4779 1002 4828 P.
