3512 5842
558 877 698 928 ruonnnr
722 878 905 928 srncunuu
929 881 1142 932 sruurouuu.
1333 871 1373 931 55

320 1059 337 1087 “
361 1053 538 1139 Presbyter
559 1051 705 1117 urbanus
728 1049 873 1136 quidam,
898 1051 1062 1138 digressus
1084 1055 1128 1120 ab
1150 1057 1231 1122 urbe

363 1159 381 1190 “
404 1155 557 1240 Longius,
582 1155 747 1240 agrestem
771 1152 874 1239 coepit
896 1153 1017 1220 habere
1039 1177 1156 1224 casam.

320 1263 338 1292 “
362 1257 426 1324 Oui
447 1255 554 1322 bene¹
576 1253 782 1342 temporibus
804 1256 931 1322 cunctis
954 1279 1013 1322 sua
1035 1279 1114 1324 rura
1136 1257 1280 1342 colenti,2

362 1365 380 1392 “
403 1357 599 1425 Moitotiens
622 1361 774 1445 segetum
796 1358 892 1445 copia
914 1359 1022 1424 multa
1045 1360 1121 1426 fuit.

318 1465 336 1493 “
360 1459 496 1526 Fecerat
518 1465 553 1526 et
574 1463 670 1524 natos
693 1460 826 1546 propria
849 1460 890 1526 de
913 1461 1059 1549 conjuge,
1082 1463 1146 1528 dici

362 1567 381 1596 “
404 1561 535 1648 Oonjux
557 1561 744 1648 presbyteri
767 1561 896 1627 silicet
919 1563 1040 1649 absque
1062 1570 1150 1630 nota

318 1669 336 1698 “
360 1663 510 1744 Quorum
534 1661 740 1728 Gundulfum
764 1665 938 1749 quendam,
963 1687 1062 1751 quem
1084 1667 1228 1732 vidimus
1249 1667 1320 1755 ipsi,

363 1769 381 1799 “
405 1764 489 1831 Oum
513 1787 594 1852 puer
617 1769 702 1830 esset
725 1763 842 1846 adhuc,
866 1765 1009 1852 contigit
1031 1788 1100 1832 esse
1123 1768 1219 1833 domi

317 1871 334 1900 “
358 1865 508 1952 Cumque
530 1866 616 1932 foret
638 1867 770 1953 frugum
793 1871 902 1932 custos
925 1869 1037 1954 petris,
1061 1870 1146 1935 ostia
1167 1892 1311 1952 servans,

361 1972 379 2001 “
402 1967 582 2033 Consuevit
604 1967 735 2053 virgam
758 1989 844 2054 saepe
868 1973 978 2034 tenere
1000 1991 1109 2036 mauu.

315 2074 332 2104 ‘⁴
355 2066 510 2134 Accidit⁸
532 2091 610 2156 ergo
633 2069 741 2149 semel,
765 2069 865 2156 pullis
893 2070 1130 2138 comitantibus
1152 2073 1230 2159 ejus,

361 2175 379 2203 “
402 2169 515 2256 Coppa
537 2173 625 2256 quod
648 2171 790 2236 intraret
812 2171 952 2252 horrea,4
973 2195 1080 2258 grana
1101 2175 1220 2262 legens.

316 2279 333 2306 ‘¹
357 2271 506 2358 Cumque
528 2293 623 2338 suam
644 2277 785 2338 matrem
807 2273 891 2360 puni
914 2281 1131 2360 sequerentur
1153 2283 1295 2365 egentes,

361 2379 379 2409 “
402 2375 499 2440 Ostia
521 2379 708 2461 presserunt
730 2375 944 2460 improbitate
966 2397 1025 2440 sua

315 2480 333 2511 “
359 2475 449 2556 Quos
470 2497 553 2563 puer
575 2476 662 2540 elata
683 2477 779 2563 virga
801 2497 901 2562 quam
923 2477 1006 2542 forte
1029 2479 1166 2545 tenebat

361 2583 379 2612 “
402 2579 535 2644 Oaedere
557 2579 766 2664 praesumpsit
788 2583 889 2664 etque
911 2580 1026 2666 fugare
1049 2581 1144 2647 foras.

314 2685 333 2715 “
357 2679 431 2762 Qui,
455 2679 610 2764 quoniam
633 2679 788 2744 turbatus
814 2684 895 2760 erat,
918 2681 993 2766 plus
1016 2681 1144 2748 institit
1167 2705 1271 2770 sequo,

359 2789 376 2816 “
399 2781 631 2867 Transgressus
653 2781 764 2844 verbis
787 2781 1046 2868 verberibusque
1068 2785 1211 2852 modum.

314 2889 332 2916 “
355 2883 412 2946 Ira
434 2882 515 2967 quid
537 2881 702 2968 expediat,
726 2881 806 2945 dum
829 2903 897 2947 non
920 2883 1086 2965 discernit,
1110 2886 1224 2972 inique

358 2989 377 3016 “
400 2983 548 3047 Plurima
570 2983 739 3070 dispensat
762 2983 1000 3069 praecipitando
1023 2987 1174 3072 gradum.

311 3092 329 3118 “
352 3081 447 3170 Saepe
469 3084 537 3148 levi
554 3083 649 3169 jectu
672 3088 803 3148 constat
820 3085 953 3171 jactura
975 3088 1137 3172 perennis,

357 3196 375 3223 “
397 3188 509 3271 Atque
531 3185 597 3250 levi
620 3189 744 3272 puncto
766 3187 905 3272 pignora
926 3209 1002 3252 cara
1024 3189 1156 3258 cadunt.

311 3299 329 3329 “
352 3289 500 3373 Cumque
523 3308 604 3374 puer
626 3288 755 3372 virgam
778 3288 877 3351 nimis
901 3293 1067 3354 exerceret
1088 3291 1126 3354 in
1148 3291 1241 3372 iram,

358 3397 377 3428 “
401 3390 552 3475 Contigit
573 3392 613 3453 ut
635 3387 718 3474 pulli
741 3388 825 3453 tibia
847 3389 952 3453 fracto
974 3391 1069 3457 foret.

313 3499 330 3529 “
353 3493 450 3559 Tibia
471 3492 577 3555 fracta
599 3491 658 3555 diu
680 3491 771 3576 pullo
793 3491 982 3576 pariterque
1005 3495 1136 3578 parenti

357 3600 375 3630 “
398 3593 558 3660 Tristitiae
580 3614 677 3658 causa
699 3613 766 3657 non
789 3593 960 3658 mediocris
982 3601 1061 3662 erat.

311 3705 328 3735 “
352 3695 443 3762 Hinc
476 3693 577 3773 dolor,
612 3693 751 3780 hincque
788 3695 903 3782 pudor,
936 3697 1064 3782 pullum
1103 3699 1292 3766 stimulavit
1323 3701 1359 3765 in

398 3806 416 3835 “
438 3799 531 3873 iram,

352 3908 371 3936 “
395 3899 446 3966 Ut
468 3903 603 3984 cuperet
625 3917 725 3985 puero
747 3899 884 3962 reddere
906 3919 1000 3985 posse
1023 3903 1137 3967 vicem

310 4010 328 4039 “
351 4005 510 4089 Tempore
532 4003 696 4065 crescente
717 4019 793 4065 caro
815 4001 1019 4065 consolidata
1041 4003 1192 4084 recrevit,

354 4109 372 4140 “
396 4102 613 4188 Obduxitque
635 4101 720 4166 cutis
742 4102 880 4166 vulnera
901 4107 994 4168 veste
1016 4125 1111 4170 nova.

310 4214 327 4243 “
351 4205 434 4273 Ossa
456 4204 515 4268 diu
536 4203 642 4268 fracta
663 4202 831 4269 multum⁵
853 4204 986 4270 doluere
1009 4205 1129 4286 dolore,

352 4317 370 4343 “
392 4305 548 4371 Vulneris
569 4303 687 4369 inflicti
708 4307 804 4370 corde
826 4310 962 4371 tenente
984 4312 1105 4372 notam.
1134 4367 1139 4374 .

342 4533 643 4602 Ῑᾱὶᾰωέαηροῆὂυ,
654 4535 683 4584 Ρ.
854 4536 937 4600 print;
966 4552 1038 4586 orrea
1061 4537 1115 4598 (for
1137 4537 1238 4603 horrea)
1266 4539 1289 4590 is
1310 4539 1354 4592 the

342 4617 506 4678 ²0⁰1⁶b⁶tR
853 4614 959 4680 reading
968 4615 998 4664 of
1004 4615 1040 4665 all
1050 4615 1094 4666 the
1105 4618 1278 4682 manuscripts.

341 4701 352 4733 ³
366 4697 482 4763 Contigit,
492 4695 522 4746 P.
886 4693 897 4725 ⁵
908 4693 1014 4756 ubuum,
1025 4693 1054 4744 P.

341 4779 453 4838 ⁴cirreu,
464 4777 492 4826 P.
526 4773 743 4837 Perhopssmere
751 4773 810 4822 mis-
