3524 5802
535 872 677 920 uruntur
700 871 884 921 srncuuuu
907 872 1123 922 srunronuu.
1313 864 1355 927 23

303 1053 321 1082 ·‘
343 1047 440 1128 Quod
461 1049 571 1112 minus
593 1047 678 1112 alter
700 1047 811 1126 hebet,
836 1069 896 1112 suo
918 1069 1016 1134 quem
1039 1047 1174 1115 fortune
1187 1051 1351 1136 gravavit,

346 1156 364 1184 “
387 1148 546 1236 Supplest
568 1148 708 1214 alterius
731 1150 826 1237 copie
847 1155 946 1236 grets
968 1150 1081 1237 magis.

301 1259 318 1284 “
341 1250 400 1316 Nil
422 1251 472 1316 its
493 1251 697 1338 praecipuum
719 1251 773 1317 vel
795 1257 867 1317 tem
890 1251 1030 1318 sublime
1053 1255 1208 1332 creatum,

346 1358 365 1388 “
388 1353 439 1418 Ut
461 1375 528 1418 non
551 1353 690 1418 ulterius
712 1353 838 1440 possit¹
863 1375 958 1440 egere
979 1375 1088 1420 manu.

301 1460 320 1490 “
342 1453 504 1542 Tempora
525 1455 595 1520 sive
618 1455 706 1521 vices
728 1457 821 1520 verio
844 1456 1032 1522 discrimine
1054 1459 1193 1534 certent,

346 1564 364 1590 “
386 1556 457 1622 Nec
479 1561 600 1622 coeunt
622 1578 712 1622 nexu
735 1557 861 1623 foedere
883 1579 1023 1644 quaequc
1045 1558 1128 1644 pori.

300 1665 318 1692 “
340 1657 435 1744 Saepe
457 1659 572 1724 breves
595 1658 731 1724 frutices
754 1659 946 1725 currentiu²
969 1665 1114 1726 sternere
1136 1660 1284 1747 plaustro

345 1766 364 1796 “
387 1760 549 1839 Vidimus,
572 1765 608 1826 et
629 1762 747 1827 celeres
771 1762 951 1828 detinuisse
974 1761 1083 1826 boves.

299 1870 317 1900 “
339 1863 434 1949 Sceps
456 1864 566 1928 brevis
589 1884 727 1950 mugnus
749 1864 915 1929 subvertit
937 1863 1089 1928 machina
1111 1867 1228 1945 turres,

346 1972 362 1998 “
385 1963 600 2050 Impulsuque
622 1964 688 2029 levi
710 1966 835 2029 moenie
857 1986 986 2030 summe
1008 1967 1117 2028 ruunt.

299 2071 319 2100 “
342 2063 384 2130 Se
407 2066 528 2150 premit
549 2066 655 2131 imbre
677 2067 774 2132 brevi
795 2066 958 2132 violentis
980 2066 1127 2132 maximo
1148 2066 1250 2145 venti,

343 2166 497 2252 “Atque
519 2166 710 2253 procellosos
732 2166 868 2255 mitiget
891 2169 1001 2233 Eurus
1024 2190 1134 2254 squas.

298 2275 316 2302 “
338 2267 399 2332 Nil
420 2268 696 2334 contemnendum
718 2274 859 2355 reputes,
883 2271 972 2356 quod
995 2275 1142 2356 tempore
1164 2271 1281 2356 quovis

346 2379 363 2405 “
386 2371 486 2436 Ferre
508 2371 562 2434 vel
585 2370 749 2434 auxilium
771 2371 827 2435 vel
848 2371 998 2436 nocuisse
1021 2377 1141 2457 potest.

301 2477 319 2507 “
343 2470 450 2548 Vilius
471 2472 641 2538 interdum
664 2471 754 2558 quod
776 2473 883 2538 corius
906 2493 976 2538 esse
999 2479 1157 2559 putamus

348 2581 365 2609 “
389 2573 539 2654 Constet,
563 2578 598 2638 et
619 2577 671 2639 est
693 2574 801 2659 majus
823 2573 914 2660 quod
937 2574 1048 2639 minus
1070 2596 1140 2640 esse
1161 2580 1268 2662 putes.

302 2682 321 2711 “
344 2675 487 2742 Obstitit
509 2675 680 2740 interdum
702 2676 832 2762 magnis
855 2697 907 2740 res
929 2697 1034 2762 parve
1055 2677 1193 2762 periclis,

347 2785 365 2812 ‘⁴
387 2777 520 2842 Terruit
542 2783 577 2842 et
599 2777 733 2864 rapidos
757 2777 896 2863 parvule
918 2778 1015 2864 virge
1038 2799 1141 2845 osnes.

301 2887 317 2914 “
341 2878 492 2946 Urbibus
515 2879 552 2944 in
573 2878 692 2944 mediis
714 2878 868 2944 incendio
890 2899 1012 2966 magno
1034 2885 1172 2966 repente

345 2986 362 3017 “
386 2980 546 3068 Extingui
568 2980 698 3046 modica
719 3001 805 3068 saepe
828 2980 981 3046 videmus
1003 3002 1096 3067 aqua„

623 3248 878 3316 conmutatio
900 3248 1025 3315 cuudoe.

302 3429 320 3458 “
344 3421 498 3508 Corporis
520 3443 598 3509 ergo
620 3422 685 3486 mei
708 3421 861 3507 quemvis
882 3441 959 3506 pers
981 3419 1103 3485 ultima
1127 3421 1239 3499 cende,

348 3531 366 3560 “
389 3523 519 3590 Utilius
542 3528 654 3588 temen
676 3524 737 3588 hoc
759 3523 808 3587 nil
830 3545 903 3588 reor
925 3543 993 3587 esse
1016 3521 1124 3588 mihi.⁸

302 3632 320 3662 “
343 3626 426 3706 Quae
449 3625 601 3712 quamvis
624 3625 716 3689 oneri
738 3623 836 3689 modo
859 3623 904 3689 sit
927 3621 1108 3709 nulloque⁴
1130 3625 1246 3702 decori,

347 3733 366 3763 “
388 3727 518 3792 AEstivo
540 3725 675 3791 redimit
697 3729 765 3790 tem
789 3747 844 3791 ore
867 3725 987 3790 domno
1009 3725 1069 3790 sui.

301 3839 318 3867 “
344 3829 453 3896 Unice
474 3829 579 3895 caude
601 3827 684 3891 mihi
707 3747 788 3914 plui
804 3849 904 3914 quom
927 3827 993 3892 duo
1016 3849 1139 3892 cornus
1161 3835 1323 3914 praestent

348 3936 364 3966 “
387 3931 546 4019 Tempore
568 3951 765 4008 muscarum,
788 3931 928 4016 plusque
951 3930 1069 3995 salutis
1091 3929 1200 3996 habet.

301 4041 318 4070 ‘⁶
341 4033 493 4099 Ventilet
515 4033 585 4098 hoec
606 4032 744 4120 vespes,⁶
768 4053 872 4099 saevos
895 4031 1056 4118 dispergit
1079 4030 1226 4113 oestres,⁶

347 4141 365 4170 ‘¹
387 4134 551 4200 Verberet
573 4139 608 4201 et
629 4155 758 4199 muscas
780 4133 995 4221 improbitate
1016 4154 1142 4220 graves.

303 4241 321 4272 “
345 4236 460 4303 Gauda
482 4235 565 4302 mihi
586 4235 729 4323 clypeus,
753 4235 883 4323 gladius
905 4235 989 4300 mihi
1012 4235 1126 4316 wude,
1150 4236 1280 4314 securis,

350 4347 368 4374 ‘¹
392 4338 527 4418 Ionoeo,
549 4338 665 4416 funda,
688 4337 781 4424 lapis,
805 4337 906 4413 eleva,
930 4337 1064 4424 sagitte,
1087 4335 1182 4402 feces.
