3512 5842
503 862 647 914 menum
671 861 854 912 srsrnnuu
877 861 1092 914 srunronnn.
1281 847 1321 908 81

273 1129 492 1216 Conrpmuctio
515 1131 676 1197 Burmelli
702 1129 764 1216 [acl
794 1129 1005 1196 irate-undum
1036 1130 1243 1215 reliqiouem,
1267 1127 1323 1192 secl

493 1233 632 1298 trullam
654 1231 789 1297 invenit
809 1231 1098 1318 souveraienlem].¹

272 1397 289 1426 ‘⁴
314 1391 404 1457 Hine
426 1413 488 1480 ego
514 1393 660 1480 disposui
683 1413 734 1458 me
759 1391 889 1457 tradere
912 1391 1074 1478 religioni,

317 1501 334 1528 “
359 1495 410 1560 Ut
433 1494 544 1560 valeat
567 1495 678 1559 salvus
700 1494 837 1582 spiritns
859 1515 928 1559 esse
952 1514 1052 1558 meus.

271 1602 289 1629 “
315 1595 428 1682 thue
451 1618 552 1662 senex
574 1597 733 1662 redimam
752 1595 925 1680 juvenalis
948 1601 1104 1684 tempora,
1128 1596 1232 1661 vitam

318 1703 335 1732 “
359 1698 423 1763 Fas
446 1704 497 1764 est
519 1705 558 1763 ut
580 1705 729 1786 satagam
752 1699 945 1786 corripuisse
968 1720 1083 1763 meam.

272 1807 290 1833 ‘⁴
316 1800 383 1863 ΕΗ
405 1807 553 1886 superest
575 1801 739 1866 modicum
764 1803 851 1880 vitre,
876 1823 917 1866 ne
940 1807 1014 1867 tote
1036 1801 1186 1866 deorsum

318 1909 335 1936 “
359 1901 501 1982 Defluat,
525 1903 587 1967 hoo
610 1907 689 1990 opto
712 1903 861 1968 claudere
884 1904 950 1968 fine
974 1903 1067 1968 bono.

270 2010 288 2037 ‘⁴
313 2003 374 2068 Est
398 2005 514 2069 melius
537 2027 608 2070 sero
630 2027 729 2090 quam
753 2027 923 2091 nunquam
947 2005 1150 2090 poenituisse,

319 2113 336 2140 ¹‘
361 2106 466 2186 Quem
491 2107 593 2193 pudet
620 2107 736 2172 erroris
760 2107 952 2193 penituisse
976 2106 1078 2172 decet.

274 2215 292 2240 “
317 2207 362 2272 Et
384 2209 412 2272 si
435 2231 531 2274 mane
554 2209 619 2273 luit
641 2209 695 2274 vel
719 2213 791 2273 tota
814 2209 884 2273 dies
906 2207 1072 2286 nebulosa,

318 2316 336 2344 “
361 2310 544 2376 Obscurum
568 2311 710 2376 redimat
732 2332 869 2396 vespera
891 2311 979 2375 clara
1001 2309 1098 2374 diem.

274 2417 291 2444 ‘⁴
316 2411 412 2490 Quod
434 2413 520 2477 male
543 2412 697 2498 dispersit
719 2413 990 2498 incircumspecta
1008 2412 1177 2498 juventus,

320 2521 337 2548 “
362 2511 456 2606 Εης,8
477 2515 512 2578 in
536 2514 615 2579 tiore
637 2537 696 2580 suo
719 2515 857 2603 prodiga
878 2514 965 2580 faeta
987 2515 1047 2579 sui.

276 2624 293 2650 “
318 2617 449 2682 Damna
466 2617 655 2702 juventutis
678 2619 841 2683 redimens
864 2639 989 2682 annosa
1012 2621 1172 2696 senectus,

320 2725 337 2752 “
361 2719 505 2805 Colligat
527 2721 560 2783 in
586 2720 696 2784 fructu
719 2719 856 2784 floribus
878 2740 936 2784 usa
958 2719 1036 2785 suis.

273 2825 291 2853 “
315 2820 396 2906 Spes
419 2820 483 2885 fuit
505 2819 541 2884 in
563 2821 651 2900 flore,
674 2821 731 2886 sed
753 2819 814 2886 flos
837 2819 1000 2898 defloruit,
1024 2841 1123 2906 aspa

320 2929 337 2956 “
361 2922 443 3009 Spes
465 2923 591 3002 cecidit,
616 2922 726 2988 fructu
749 2921 921 2987 deficiente
945 2920 1058 2986 bone.⁴

274 3031 292 3060 “
316 3023 397 3110 Spes
418 3024 502 3090 abiit
525 3023 638 3104 floris,⁵
661 3047 735 3111 spes
758 3045 826 3088 uua
846 3023 1027 3089 novissima
1050 3023 1180 3088 fruetus

319 3133 336 3160 ‘⁴
360 3126 449 3190 Dum
471 3131 628 3212 superest,
652 3125 780 3210 aliquid
802 3125 961 3192 utilitatis
984 3129 1070 3212 agat.

274 3235 292 3263 “
317 3229 368 3293 De
391 3251 425 3292 re
448 3233 517 3294 tam
541 3233 631 3293 certa
653 3227 703 3312 nil
728 3232 831 3292 morte
854 3227 1015 3292 latentius
1037 3228 1118 3313 ipsa,

320 3339 337 3366 ‘⁴
362 3329 484 3395 Omnes
507 3331 579 3416 ipsa
601 3330 693 3410 latet,
717 3329 870 3394 omnibus
894 3329 965 3415 ipsa
987 3334 1088 3414 patet.

275 3439 294 3468 ‘⁴
319 3433 430 3498 Rebus
453 3433 489 3497 in
511 3431 663 3495 humanis
685 3452 773 3495 mors
795 3435 846 3495 est
872 3451 924 3494 res
946 3430 1079 3516 publiea
1101 3429 1204 3509 nobis,

321 3541 338 3570 ‘⁶
363 3537 403 3599 In
427 3557 492 3621 quu
515 3534 652 3619 quisque
675 3533 778 3598 vicem
803 3532 1016 3619 proprietatis
1038 3531 1148 3597 habet.

276 3643 293 3671 ‘⁴
318 3637 444 3722 Siqua
469 3641 578 3701 tamen
602 3636 734 3721 propria
757 3655 807 3698 res
830 3641 888 3714 est,
912 3633 966 3699 vel
989 3633 1129 3719 publica,
1154 3637 1260 3697 morte

320 3745 337 3771 ‘⁶
362 3737 464 3801 Nulla
488 3737 592 3823 magis
614 3737 753 3822 propria,
779 3735 911 3821 publiea
933 3734 1026 3800 nullu
1050 3735 1162 3822 magis.

273 3847 290 3875 ‘⁵
316 3839 405 3925 Ergo
428 3839 508 3925 quid
531 3839 584 3904 hie
606 3839 714 3904 faciel
736 3837 802 3902 nisi
825 3837 913 3923 quod
937 3835 1110 3903 deservi0⁰
1132 3835 1277 3918 mund0;

319 3949 336 3975 “
362 3943 450 4006 Mors
472 3941 553 4006 mihi
577 3963 646 4005 eras
669 3940 779 4007 dicet:
807 3940 878 4005 ‘En
902 3945 982 4026 ego!
1006 3962 1113 4028 surge,
1137 3939 1232 4005 veni'

275 4051 293 4078 ‘⁶
318 4043 376 4108 Nil
399 4043 502 4129 igitur
524 4050 680 4129 superest,
705 4043 770 4108 nisi
792 4047 926 4108 tantum
952 4041 1105 4126 religioni

320 4152 338 4180 ‘⁶
363 4146 417 4209 Me
439 4144 594 4226 conferre,
617 4145 730 4232 procul
752 4146 806 4226 sit,
830 4166 954 4232 precor,
977 4164 1055 4230 ergo
1079 4148 1192 4208 mora!

603 4331 927 4338 .....-.--...-..,-.—-—
945 4328 1182 4336 ——--—.—-.
1203 4329 1208 4334 .
1222 4328 1302 4334 -.-.
1316 4329 1320 4334 .

310 4418 317 4450 ¹
330 4417 386 4466 'l'he
399 4417 480 4466 worda
493 4415 579 4466 within
598 4417 715 4467 brackets
731 4431 775 4466 ure
857 4415 931 4476 ‘rua
941 4415 972 4466 B.

274 4497 349 4562 given
360 4497 424 4545 from
438 4497 466 4546 P.
858 4495 975 4558 lflerunt,
988 4495 1018 4544 P.

308 4574 319 4606 ²
334 4573 408 4634 erod
417 4579 533 4638 superest,
546 4574 574 4622 P.
859 4573 956 4639 isacio,
967 4589 1077 4638 quorsum
1090 4573 1205 4634 deservio,
1218 4575 1247 4622 B.

204 4657 208 4668 '
309 4653 406 4718 ³Ejue,
419 4653 446 4702 P.

1176 4861 1197 4907 F
