3512 5842
527 885 669 936 urorum
692 885 876 938 sescunuu
898 883 1112 937 srunronnu.
1302 873 1344 938 ul

294 1065 312 1092 “
335 1059 467 1126 Damno
488 1060 692 1143 temenlini,
715 1060 793 1126 lene
822 1059 1028 1128 redimente¹
1053 1060 1157 1138 suevi,

337 1166 356 1198 “
379 1163 503 1230 Ordine
525 1167 661 1250 cogente
683 1163 879 1230 sustinuisse
903 1165 1004 1230 decet.

293 1272 311 1300 “
336 1265 470 1331 Ordinis
492 1272 641 1332 austerus
663 1265 754 1352 rigor
776 1271 835 1348 est,
859 1267 939 1353 quio
960 1265 1114 1332 cornibus
1136 1265 1189 1330 uti

338 1378 356 1406 “
380 1372 444 1437 His
466 1371 502 1437 in
526 1377 695 1439 conventu
720 1376 849 1460 tempus
871 1373 908 1437 in
931 1395 1028 1440 omne
1043 1377 1146 1439 vetet.

293 1482 309 1509 “
334 1475 566 1562 Dispensondo
588 1479 712 1555 tamen,
735 1497 826 1542 secer
849 1475 929 1542 ordo
952 1473 1142 1542 salubrius2
1165 1496 1243 1540 usus

338 1583 356 1612 “
380 1577 547 1658 Consiliis,
570 1599 669 1664 super
691 1577 745 1643 his
767 1577 942 1644 alleviavit
964 1599 1056 1643 onus.

294 1688 311 1714 “
334 1679 479 1767 Pinguia
500 1679 687 1759 concedens,
711 1702 786 1766 quae
808 1684 888 1747 sunt
911 1680 1024 1746 affinio
1046 1679 1147 1758 cerni,

340 1789 357 1817 “
380 1783 436 1848 Sic
458 1788 572 1849 temen
594 1787 635 1849 ut
658 1804 829 1868 nunquam
853 1783 899 1850 sit
922 1782 1100 1848 manifeste
1122 1803 1203 1848 cero.

295 1893 312 1919 “
336 1885 465 1951 Bellum
488 1907 562 1952 cum
585 1907 692 1963 cerne,
715 1907 829 1973 pacem
852 1909 926 1952 cum
949 1886 1130 1973 pinguibus
1151 1906 1229 1964 esse,

338 1995 355 2022 “
378 1989 473 2054 Pacis
495 1992 660 2054 amotores
682 1987 744 2054 hoc
765 1991 913 2054 statuere
934 1987 1041 2054 modo.

293 2099 309 2126 “
334 2089 450 2158 (ternis
471 2089 681 2158 honestatem
705 2090 752 2156 sio
773 2112 968 2157 conservare
990 2089 1150 2167 volentes,

336 2199 354 2228 “
378 2194 432 2259 Ne
456 2199 573 2260 contre
595 2215 726 2260 curnem
750 2193 806 2260 lex
828 2194 1007 2260 inhonesto
1027 2195 1124 2260 foret

294 2303 311 2329 “
336 2295 373 2361 Si
396 2295 481 2362 foret
504 2296 637 2361 excluse
657 2295 791 2382 penitus
814 2318 898 2378 cero,
922 2295 1029 2362 cornis
1052 2296 1206 2361 honestes

339 2402 357 2432 ‘⁶
382 2397 508 2463 Leesem
531 2419 565 2463 se
588 2403 699 2485 posset
722 2398 763 2464 de
786 2398 917 2464 ratione
940 2397 1042 2484 queri.

296 2507 313 2535 “
337 2500 374 2566 Si
397 2501 481 2566 foret
503 2501 540 2566 in
562 2506 673 2568 totum
696 2502 768 2567 sine
790 2501 980 2568 conditione
1002 2499 1159 2588 recepto,8

341 2611 358 2638 “
382 2603 476 2690 Saepe
498 2605 594 2669 deret
616 2625 748 2670 oensem
771 2605 1011 2690 materiemque
1036 2604 1124 2668 meli.

295 2714 312 2740 “
337 2706 439 2771 Unde
460 2728 520 2772 neo
542 2706 685 2772 admisse
705 2707 848 2793 penitus,
875 2728 935 2772 nec
956 2711 1032 2772 tots
1053 2706 1192 2793 repulso,
1296 2720 1299 2725 “

340 2814 357 2842 “
380 2807 513 2889 Exulet
537 2807 573 2874 in
595 2808 705 2895 petris
727 2813 898 2874 menstruo
920 2807 1010 2874 facte
1032 2830 1101 2875 suo.

572 3089 621 3158 De
645 3089 829 3160 Oarionicie
850 3089 1068 3158 secutoribus.

296 3257 313 3286 “
337 3250 426 3318 Sunt
449 3255 484 3316 et
506 3251 655 3317 canonici
678 3251 736 3337 qui
759 3251 982 3338 secularesque
1006 3249 1138 3317 vocati*

341 3361 358 3388 “
383 3354 514 3419 Nomen
536 3354 579 3419 eb
602 3353 707 3418 officio
729 3375 936 3441 promeruere
965 3375 1033 3419 suc.

297 3463 314 3492 ‘¹
338 3457 403 3521 His
427 3456 643 3542 quodcunque
666 3455 757 3536 libet,
773 3478 863 3521 nove
884 3456 948 3536 lex,
967 3452 1183 3542 licitumque⁶
1204 3454 1265 3520 sub
1283 3455 1348 3520 isto

342 3565 359 3594 “
382 3561 516 3626 Oenone
539 3559 715 3624 constituit
737 3558 851 3624 vivere
873 3563 948 3624 toto
969 3559 1093 3624 cohors.

296 3667 312 3696 “
338 3662 386 3726 Hi
408 3662 494 3726 nihil
517 3661 698 3749 excipiunt,
721 3683 782 3727 nec
806 3660 922 3726 dicunt
945 3659 1200 3748 despiciendum,

338 3771 356 3798 “
380 3763 544 3850 Quicquid
567 3765 604 3828 in
627 3764 784 3850 obsequio
807 3763 950 3850 corporis
973 3762 1065 3828 esse⁰
1087 3767 1205 3851 potest.

297 3874 313 3902 “
336 3866 426 3931 Illud
448 3867 612 3954 praecipue
635 3872 750 3933 temen
775 3867 961 3950 instituere,
985 3866 1167 3934 tenendum

339 3977 356 4003 “
381 3969 542 4035 Omnibus
565 3969 601 4034 in
624 3973 698 4035 tote
720 3969 915 4056 posteritate
937 3991 1017 4034 sus:

295 4078 312 4107 “
336 4072 407 4138 Lex
429 4076 526 4138 vetus
548 4077 588 4138 ut
611 4071 723 4150 suasit,
750 4094 792 4139 ne
815 4069 958 4158 quilibet
981 4071 1105 4157 absque
1127 4094 1188 4137 sue
1210 4071 1264 4148 sit,

339 4181 357 4210 “
383 4176 429 4240 Et
451 4175 540 4263 quod
562 4175 701 4262 quisque
724 4197 802 4242 sues
824 4175 930 4262 possit
952 4173 1072 4242 hebere
1095 4175 1185 4241 duos.

330 4481 337 4514 ¹
351 4479 487 4542 redimente,
498 4479 528 4530 Β.
878 4477 1011 4527 ‘cononici
1028 4475 1151 4528 crederes
1169 4483 1242 4541 alque
1259 4477 1346 4536 vocati,

328 4597 495 4660 2⁸⁶1&de
506 4599 548 4700 B'·
844 4558 887 4667 Εὖ
899 4633 964 4697 litet,
976 4635 1017 4686 Ie:
1028 4643 1072 4699 ost,
1084 4635 1228 4702 licitumque,
1245 4637 1275 4689 B.
1311 4627 1348 4687 lu-

328 4719 338 4751 ²
351 4718 433 4769 These
445 4722 495 4767 two
507 4715 571 4766 lines
583 4729 625 4766 ere
641 4714 717 4780 giren
732 4713 798 4765 from
844 4724 947 4780 tumque,
961 4717 993 4768 Α.

297 4799 327 4847 Β.
878 4796 887 4829 ⁵
898 4795 1010 4862 obsequio
1020 4797 1105 4847 curnis
1118 4797 1204 4861 inesse,
1215 4799 1246 4849 P.
