3524 5802
411 803 456 869 36
514 815 695 868 summost
718 815 823 864 roms
845 814 890 864 or
914 815 984 864 rer
1006 811 1171 862 rwnmrn
1195 811 1362 862 crurum.

417 997 435 1028 “
459 990 534 1058 Hoc
555 989 700 1056 humeris
722 1011 789 1055 non
811 992 927 1056 ventre
949 1009 1008 1054 suo
1030 993 1160 1075 gesture
1182 990 1333 1074 parentes

461 1101 479 1130 ‘⁶
503 1092 710 1161 Consuevere
732 1091 816 1172 mei;
839 1091 883 1157 sit
904 1091 1018 1178 procul
1040 1111 1117 1177 ergo
1139 1093 1285 1155 merum!

417 1201 436 1231 “
458 1195 547 1284 Ergo
568 1195 703 1282 gestabo
724 1194 783 1260 sed
804 1215 872 1259 non
893 1192 1034 1279 gustabo
1057 1189 1216 1277 Lyaeum,¹

463 1305 481 1333 “
504 1297 654 1384 Arripist
676 1318 718 1362 ne
741 1317 794 1361 me
816 1293 964 1362 ootidine
985 1293 1096 1360 febris.

418 1405 435 1433 ‘⁴
459 1399 583 1466 Contra
604 1403 758 1464 netur-em
780 1398 897 1462 vinum
920 1396 948 1461 si
970 1395 1056 1462 forte
1078 1395 1243 1474 bibissem,

463 1507 480 1535 ‘⁴
504 1500 585 1566 Mox
606 1499 690 1564 mihi
713 1503 911 1584 quartanam
933 1498 1085 1585 gigneret
1106 1503 1166 1563 sut
1188 1495 1339 1562 soebiem.

417 1608 436 1637 “
459 1601 609 1681 Qustuor
630 1621 672 1665 ex
694 1601 799 1666 oensis
821 1605 936 1666 teneor
957 1600 1064 1666 vitnre
1087 1595 1247 1686 Lyaeum?

463 1709 481 1737 “
505 1701 663 1782 Quemvis
685 1723 798 1767 sensus
821 1701 920 1767 hebes
943 1697 1147 1768 exacuetur³
1169 1723 1213 1766 eo.

418 1809 436 1838 “
460 1803 655 1890 Sumptibus
677 1809 716 1868 ut
739 1804 879 1891 propriis
903 1825 1043 1890 pereum,
1066 1825 1109 1868 ne
1130 1803 1220 1868 febre
1243 1799 1397 1879 laborem,

463 1911 481 1938 “
504 1903 550 1970 Et
573 1927 615 1970 ne
637 1904 795 1991 desipiam
818 1906 1073 1992 degeneremque
1096 1905 1203 1970 simul.

417 2013 435 2042 “
459 2006 526 2087 Qui
548 2008 654 2073 vitere
676 2006 800 2072 molum
824 2009 955 2095 poterit,
979 2029 1039 2074 neo
1061 2007 1145 2088 vult,
1168 2004 1389 2084 menifestum,

463 2115 481 2143 “
505 2107 716 2196 Plangendus
740 2109 850 2175 minus
873 2115 933 2187 est,
955 2109 984 2176 si
1007 2109 1093 2176 mele
1116 2107 1234 2176 eedot⁴
1257 2106 1312 2174 ei.’'

515 2413 670 2498 Qualiter
692 2413 880 2481 Bornellus
903 2416 1004 2481 uertit
1018 2415 1204 2482 Salernum
1227 2412 1365 2498 [orons]

418 2596 595 2684 Postquam
617 2599 764 2664 bissenos
786 2599 970 2666 oonfeeeret
992 2620 1070 2684 ergo
1093 2597 1218 2678 diretos,

459 2699 513 2764 Ad
538 2722 611 2787 quse
634 2701 802 2779 tendebat,
825 2701 949 2767 muenia
971 2722 1100 2766 summu
1121 2699 1222 2766 videt.

416 2799 584 2887 Moxque⁵
605 2823 693 2888 genu
715 2802 810 2883 flexo,
834 2825 962 2869 sursum
985 2825 1044 2868 sua
1066 2801 1200 2868 brachis
1221 2800 1370 2880 tendens,

460 2900 548 2968 Vota
570 2903 641 2968 Deo
664 2903 803 2991 supplex
826 2905 935 2984 solvit,
959 2910 993 2969 et
1015 2909 1088 2970 oret
1111 2904 1178 2970 its:

417 3008 434 3038 “
458 3003 675 3090 Omnipotens
698 3003 882 3071 Dominus⁶
904 3006 1032 3071 meritis
1054 3006 1157 3071 saneti
1182 3003 1205 3070 J
1207 3003 1309 3070 ulieni

461 3110 479 3139 “
502 3103 570 3170 Det
592 3105 689 3172 nobis
712 3107 844 3172 veniam
867 3107 1113 3194 hospitiumque
1135 3107 1279 3172 bonum!

416 3211 434 3240 “
457 3204 511 3272 Sit
532 3208 646 3294 procul
669 3230 764 3274 omne
788 3210 920 3287 melum,
945 3215 1070 3296 pontes,
1094 3205 1286 3296 portaeque⁷
1305 3205 1462 3294 gemellos,

460 3316 477 3343 “
500 3307 654 3376 Portibus
676 3310 713 3376 in
735 3311 857 3377 nostris
881 3331 955 3396 quae
977 3312 1058 3376 setis
1081 3333 1149 3377 esse
1171 3312 1299 3376 solenti

415 3414 433 3444 “
457 3408 614 3477 Rusticus
635 3417 695 3477 eut
717 3434 827 3479 saoous
850 3434 917 3478 non
940 3413 1131 3478 inveniatur
1153 3413 1189 3478 in
1211 3413 1312 3478 urbe!

459 3517 477 3546 “
500 3513 636 3598 Absque
658 3513 847 3580 molendino
870 3513 915 3580 sit
937 3513 1027 3581 loeus
1049 3515 1120 3596 iste,
1146 3519 1278 3602 precor!

415 3619 433 3647 “
457 3613 533 3679 Sint
554 3614 688 3680 hebetes
710 3615 845 3696 stimuli,
869 3617 959 3682 surdi
982 3617 1131 3703 mutique
1154 3618 1294 3698 molossi,

459 3721 477 3750 “
501 3715 619 3802 Sitque
640 3717 754 3802 procul
777 3719 878 3783 oetuli
901 3740 968 3784 vox
990 3719 1124 3784 inimica
1146 3719 1247 3784 mihil

414 3822 431 3852 “
456 3817 585 3903 Hospes
609 3817 750 3883 ruricola
773 3819 854 3884 mihi
877 3820 931 3900 sit,
955 3821 1008 3886 eui
1030 3843 1157 3908 semper
1179 3817 1349 3886 abundet8

459 3923 477 3953 “
501 3919 651 3985 Cerduus
674 3919 820 3986 hirsutus
844 3926 878 3986 et
900 3922 1054 4008 pluvialis
1076 3944 1168 4008 eque.

413 4024 431 4053 “
455 4019 533 4085 Sint
555 4021 677 4106 speeies
699 4021 792 4101 viles,
816 4023 859 4087 sit
882 4029 918 4088 et
940 4027 1068 4109 emptor
1089 4045 1182 4090 rurus
1205 4023 1241 4088 in
1263 4024 1352 4103 urbe,

458 4127 475 4155 “
500 4121 651 4202 Quilibet
672 4123 797 4188 existet
819 4125 973 4191 venditor
995 4127 1069 4192 aeris
1091 4131 1210 4213 egens!

440 4438 448 4471 ¹
460 4435 572 4500 'Limum
583 4439 616 4489 A.
991 4443 1002 4477 ⁸
1013 4442 1079 4494 Mox
1087 4461 1159 4511 penu,
1170 4447 1200 4498 P.

440 4517 602 4578 maternum,
614 4518 644 4569 B.
678 4516 787 4584 lienum,
799 4520 832 4571 A.
992 4521 1095 4587 ‘Deus
1107 4526 1135 4577 P.

440 4595 451 4627 ³
462 4603 602 4658 exacuetur,
613 4599 643 4668 Β.
993 4601 1003 4638 7
1014 4611 1158 4668 opertoque,
1170 4606 1199 4654 B.

440 4675 449 4706 ⁴
462 4673 533 4731 redii,
545 4675 574 4724 R.
994 4679 1004 4711 ³
1016 4679 1133 4742 abundat,
1145 4685 1173 4732 P.
