3524 5802
539 983 679 1036 murum
702 984 884 1035 srscuuuu
906 984 1121 1036 srurrouuu
1312 973 1353 1038 49

306 1159 325 1190 “
348 1155 474 1223 Incidit
495 1155 531 1221 in
554 1157 688 1244 laqueos
709 1156 811 1222 frater
834 1155 1043 1222 Fromundus
1065 1157 1204 1242 iniquos,

351 1262 370 1292 “
394 1257 482 1338 Quos
504 1263 618 1324 tamen
640 1259 709 1345 ipse
732 1258 797 1324 sibi
820 1257 933 1325 texuit
954 1263 1027 1323 arte
1045 1279 1115 1324 sua

306 1363 325 1392 “
348 1358 454 1439 Quem
476 1360 584 1425 voluit
606 1360 736 1447 sapiens
758 1359 900 1426 stultum
923 1360 1031 1426 delere
1054 1361 1201 1441 scienter,

350 1463 368 1494 ‘¹
392 1457 522 1526 Stultus
544 1467 578 1526 et
600 1461 756 1548 ignoraris
779 1461 999 1549 praecipitavit
1021 1483 1103 1527 eum.

306 1565 324 1595 “
347 1559 480 1627 Corruit
502 1563 537 1626 in
559 1561 689 1629 foveam
712 1584 855 1651 praeceps
879 1562 1097 1642 Fromundus,
1120 1563 1157 1627 in
1180 1561 1270 1625 illam

350 1662 499 1743 “Quem
522 1664 677 1729 munibus
699 1664 841 1751 propriis
864 1663 994 1730 foderat
1017 1666 1087 1751 ipse
1108 1663 1207 1750 prius

306 1767 325 1796 “
347 1763 401 1828 Ne
422 1764 480 1828 via
501 1764 600 1852 longa
621 1766 714 1845 feret,
738 1765 825 1830 saltu
848 1765 1058 1830 Fromundus
1081 1766 1117 1828 in
1139 1784 1206 1829 uno

245 1927 249 1938 ,
352 1868 370 1898 “
394 1863 582 1951 Complevit
603 1887 733 1931 cursum
757 1867 884 1931 nescius
906 1866 977 1952 ipse
999 1887 1104 1931 suum.

306 1965 460 2032 “Saltus
483 1971 556 2031 erat
577 1966 716 2046 subitus,
739 1988 835 2054 rupes
857 1971 1025 2052 praerupta
1048 1965 1207 2044 deorsum,

350 2072 368 2101 ‘⁴
392 2066 554 2133 Fluminis
576 2067 667 2132 unda
688 2090 799 2154 rapax,
822 2067 936 2132 alveus
959 2067 1082 2153 absque
1104 2067 1207 2131 vadis.

306 2172 324 2202 “
347 2167 477 2248 Qusm¹
499 2190 670 2255 nunquam
695 2169 812 2234 didicit
834 2166 984 2234 saltum²
1001 2168 1152 2256 ‚docuisse
1177 2166 1336 2253 probatur
1347 2190 1356 2245 ;
1391 2195 1396 2203 ·

350 2274 368 2303 “
391 2269 470 2334 Non
493 2291 574 2358 opus
597 2276 647 2336 est
669 2270 743 2350 ulie,
767 2270 889 2336 sufficit
911 2293 997 2336 unus
1019 2269 1059 2336 ei.

306 2374 324 2404 ‘¹
348 2369 489 2437 Exultet
512 2371 669 2437 Rodanus
692 2373 809 2438 celebri
834 2372 874 2436 de
897 2372 995 2437 laude
1017 2369 1200 2456 triumphi!

353 2477 370 2506 “
394 2471 605 2538 Fromundus
627 2473 753 2553 cecidit,
776 2473 895 2538 florida
917 2472 1039 2559 psallat
1062 2471 1228 2536 humus!’'

541 2703 743 2792 [Sepultura
758 2705 888 2791 fratris
909 2703 1130 2790 Fromusudc‘]

307 2837 459 2903 Mortuus
481 2843 532 2903 est
553 2835 677 2926 igitur⁸
700 2844 874 2925 postquam
898 2839 1117 2918 Fromundus,
1141 2842 1176 2903 et
1197 2837 1296 2902 undis

349 2939 535 3020 Extractus,
558 2941 666 3025 patrio
689 2945 770 3004 sunt
792 2940 872 3006 data
893 2940 1042 3005 membra
1063 2938 1140 3004 sole.

305 3039 409 3126 eujus
431 3041 530 3106 busta
552 3041 669 3107 videns
692 3063 765 3106 cum
790 3042 1006 3128 pertransiret
1028 3039 1154 3120 asellus,

349 3141 468 3224 Flevit,
491 3147 526 3209 et
548 3142 650 3208 inciso
674 3164 836 3209 marmore
859 3143 991 3230 scripsit
1013 3143 1069 3210 ita.

530 3381 760 3470 Epitaphium
776 3383 905 3469 fratris
927 3383 1131 3450 recianus.

307 3520 325 3549 “
348 3514 521 3581 Fratribus
543 3517 731 3604 exemplum
754 3517 856 3583 frater
880 3517 1090 3584 Fromundus
1112 3519 1148 3582 in
1170 3539 1279 3584 aevum

352 3623 369 3651 ‘¹
394 3616 494 3683 Hunc
516 3619 653 3684 titulum
677 3620 756 3685 vivo
778 3620 865 3707 cepit
886 3619 929 3685 ab
952 3619 1046 3685 hoste
1069 3641 1148 3700 suc;

307 3721 325 3752 ‘¹
349 3717 454 3798 Quem
477 3719 561 3784 celer
583 3743 621 3785 ac
643 3721 773 3806 sapiens
796 3720 937 3785 stultum
959 3719 1156 3807 tardumque
1179 3719 1335 3806 putavit⁴

351 3825 369 3852 “
392 3819 529 3901 Fallere,
552 3821 757 3908 prreveniens
779 3822 848 3908 ipse
870 3821 988 3886 fefellit
1010 3843 1092 3886 eum.

306 3925 324 3954 “
347 3919 402 3986 Sic
425 3922 540 3987 tardus
563 3923 709 4003 celerem,
733 3922 780 3988 sic
803 3923 849 3988 sic
870 3923 996 3987 stultus
1017 3922 1199 4008 sapientem

351 4028 369 4058 “
393 4022 435 4086 In
458 4023 546 4089 saltu
570 4024 667 4089 celeri
692 4025 871 4111 desipuisse
894 4023 995 4090 dedit.

305 4127 323 4158 “
346 4123 401 4190 Sic
423 4123 513 4190 fraus
535 4125 650 4191 fraude
674 4127 769 4214 perit,
792 4127 839 4191 sic
861 4148 914 4191 ars
937 4125 1106 4192 deluditur
1127 4131 1207 4207 arte,

351 4231 367 4261 “
391 4225 446 4291 Sic
469 4226 565 4291 dolus
589 4234 624 4292 et
647 4227 780 4293 fraudes
803 4229 940 4314 praemia
962 4227 1063 4315 digna
1084 4227 1204 4292 ferunt.

306 4332 324 4360 “
348 4325 460 4392 Saltus
483 4326 669 4393 Fromundi
691 4329 809 4394 fratres
831 4327 1080 4394 memorentur⁵
1103 4328 1219 4414 iniqui,

351 4434 368 4462 “
393 4429 502 4494 Prosit
524 4435 563 4495 ut
586 4452 607 4494 a
629 4431 729 4494 simili
752 4437 833 4497 nota
854 4431 963 4516 figura
984 4429 1091 4496 mali.'’

339 4630 347 4663 ¹
364 4631 434 4692 Qroe,
445 4633 475 4682 P.
851 4632 952 4698 margin
974 4633 1010 4697 by
1032 4645 1048 4681 a
1070 4629 1134 4681 little
1157 4630 1220 4681 later
1238 4630 1316 4682 hund
1328 4639 1355 4682 to

339 4708 350 4741 ²
361 4708 434 4772 cultu,
445 4710 475 4760 P.
848 4710 968 4778 parabat.

338 4786 349 4819 ³
361 4805 423 4854 erpo,
435 4789 465 4838 P.
884 4791 894 4822 ⁵
906 4795 1072 4850 memorantur,
1083 4789 1113 4839 P.

339 4867 490 4936 ⁴percddct,
509 4869 552 4932 A„
572 4870 686 4938 changed
712 4869 739 4920 in
765 4870 808 4921 the

1198 4965 1222 5012 D
