3524 5802
404 848 446 908 50
508 854 688 906 ssulmcsu
710 853 812 902 POETS
835 852 879 900 OF
900 851 970 898 THE
992 851 1157 900 suumn
1179 851 1348 900 cussum.

491 1129 692 1216 [Bessum
713 1125 823 1194 cauda
845 1124 975 1193 emissa
997 1123 1038 1192 de
1061 1131 1155 1192 statu
1177 1147 1238 1192 suo
1255 1123 1383 1211 sutem

819 1225 1040 1314 musyum]

410 1380 475 1447 His
496 1379 621 1468 igitur1
643 1379 743 1467 gestis
765 1377 890 1466 patrias
912 1376 1088 1442 Burnellus
1110 1377 1154 1442 ad
1176 1399 1250 1442 oras

499 1481 653 1548 Festinat
674 1480 771 1546 celeri
793 1501 934 1567 corpore,
957 1484 1078 1560 mente,
1101 1478 1193 1566 pede.

411 1585 476 1652 Sed
498 1585 576 1670 quis
598 1605 722 1671 pauper
744 1585 825 1660 erat,
846 1602 991 1667 expensa
1011 1579 1192 1660 deficiente,

500 1683 717 1751 Mendieando
740 1705 837 1749 suum
860 1705 947 1769 saepe
969 1681 1118 1748 retardet
1140 1681 1212 1746 iter.

412 1789 507 1876 Saeps
530 1809 606 1854 suos
627 1808 720 1853 ossus
741 1807 851 1852 seeum
873 1784 1085 1850 memorando
1107 1787 1274 1864 retractat,

457 1891 599 1954 Dixerat
622 1892 656 1954 et
678 1887 804 1952 dudum
826 1886 907 1973 quid
931 1885 1088 1951 Gulienus
1109 1885 1150 1950 ei.

414 1995 556 2079 Quoque
578 1991 683 2078 magis
705 1995 823 2078 penset
844 1986 1012 2076 propriss'
1034 1987 1221 2053 discrimina
1243 1986 1350 2065 soriis,

457 2096 500 2161 Se
522 2093 627 2182 magis
648 2088 801 2170 decussi,⁸
823 2091 868 2156 sic
890 2090 953 2156 sibi
976 2111 1062 2176 saepe
1083 2091 1241 2176 loquens:

415 2365 568 2452 [dometio
591 2366 751 2433 Bumelli
773 2363 1178 2552 seipsumlreduirpuwudo
1210 2362 1249 2429 de
1280 2361 1411 2430 iidemu
1433 2367 1462 2428 et

866 2475 922 2534 stu
936 2467 1021 2534 tum.

415 2631 432 2661 ‘⁶
455 2625 534 2690 Non
555 2647 629 2690 sum
651 2624 825 2690 Burnellus
847 2626 986 2712 sepiens,
1009 2623 1067 2690 sed
1090 2625 1184 2706 iners,
1208 2629 1243 2690 et
1264 2623 1381 2689 asellus

460 2731 479 2760 “
502 2726 645 2814 Semper,
669 2732 704 2792 et
725 2728 762 2792 in
785 2728 901 2814 primis
923 2728 1055 2808 stultus,
1078 2727 1241 2812 hebesque
1263 2727 1370 2792 nimis

417 2835 433 2865 “
456 2828 589 2894 Stultus
612 2849 671 2914 ego
693 2835 793 2894 natus
816 2851 899 2908 sum,
923 2829 1046 2896 stulius
1069 2835 1104 2894 et
1126 2834 1206 2894 ante
1227 2832 1363 2910 orestus,

459 2935 478 2964 “
501 2929 674 3015 Quumque
697 2930 756 2996 diu
778 2930 879 3012 fuero,
902 2952 970 2996 non
992 2930 1057 2995 nisi
1078 2931 1200 2996 stultus
1222 2952 1285 2997 ero.

416 3037 433 3064 “
456 3031 587 3096 Stulius
609 3035 643 3096 ei
664 3032 734 3117 ipse
757 3037 851 3118 psier
873 3054 972 3114 meus,
995 3038 1030 3098 et
1052 3032 1249 3098 siultissimu
1270 3036 1385 3129 meter,

459 3139 479 3168 “
500 3132 569 3198 Das
591 3137 711 3199 natura
733 3134 817 3199 mihi
840 3135 1019 3222 desipuisse
1040 3156 1121 3201 mes.

416 3241 433 3268 “
457 3235 553 3315 Quod
575 3241 696 3300 ustura
719 3237 819 3318 dedis,
844 3237 932 3323 quod
955 3241 1066 3302 tractu
1089 3237 1245 3322 temporis
1267 3237 1371 3316 haesis,

460 3341 477 3370 “
501 3337 626 3418 Heres,
649 3342 685 3403 et
707 3343 757 3403 esi
779 3359 960 3418 remanens,
983 3361 1044 3404 nee
1065 3342 1255 3403 removetur
1276 3337 1374 3404 idem

416 3445 433 3474 “
456 3439 549 3504 Vah!
574 3441 647 3525 quis
670 3445 754 3528 egoi
777 3441 857 3526 quid
880 3464 940 3528 ego
953 3439 987 3505 2⁴
1008 3441 1136 3527 qualis?
1158 3447 1383 3527 quantumque
1403 3461 1463 3527 pu·

505 3541 674 3606 dendusi⁶

461 3647 479 3675 “
502 3642 539 3706 Si
561 3643 644 3707 bene
665 3643 875 3730 perpendam,
899 3647 1016 3728 nesei0,
1041 3647 1122 3731 quid
1144 3645 1189 3712 sit
1212 3642 1315 3733 egoi⁶

417 3748 435 3776 “
458 3741 511 3806 En
533 3765 593 3830 ego
615 3747 802 3831 consumpsi
823 3747 947 3833 pariter
969 3769 1044 3812 cum
1067 3769 1200 3834 corpore
1222 3751 1381 3834 sumpius,

461 3850 479 3878 “
503 3843 652 3931 Oumque
674 3847 783 3912 labore
806 3869 878 3914 meo
901 3853 1031 3936 tempus
1054 3853 1089 3914 ei
1111 3851 1181 3935 ipse
1203 3871 1321 3915 meum.

417 3951 435 3980 “
457 3945 601 4033 Jamque
622 3949 704 4014 satis
726 3951 827 4030 senui,
851 3973 910 4016 nee
932 3951 1040 4016 adhuc
1063 3951 1128 4016 nisi
1150 3951 1329 4038 desipuisse

462 4054 481 4084 “
504 4050 558 4115 Me
580 4049 684 4116 subeor
706 4050 801 4134 facto,
825 4075 876 4118 res
899 4053 980 4119 fauit
1001 4054 1073 4141 ipss
1095 4055 1205 4119 fidem.

416 4156 434 4184 ‘⁸
458 4149 501 4214 In
522 4173 599 4217 sene
621 4173 733 4218 seusus
755 4153 854 4218 hebes
876 4157 1019 4222 multum
1042 4157 1126 4222 solet
1147 4177 1216 4223 esse
1235 4154 1377 4242 pudori3

461 4258 478 4287 “
502 4252 549 4318 Ni
571 4277 684 4322 sensus
706 4254 859 4342 sapiant?
882 4263 933 4323 esi
955 4259 1061 4345 pudor
1083 4281 1151 4324 esse
1174 4279 1293 4322 senem.

998 4518 1009 4549 ⁶
1015 4516 1150 4583 ponendus,
1161 4516 1191 4566 P.
1289 4547 1292 4554 -

998 4595 1009 4628 ⁶
1019 4598 1074 4660 quis
1084 4596 1130 4644 sim
1140 4611 1189 4660 epo,
1200 4593 1230 4644 P.

1017 4691 1047 4723 sa
1065 4691 1073 4722 ι
1144 4711 1150 4722 .
