<?xml version="1.0" encoding="UTF-8"?>
<!DOCTYPE html PUBLIC "-//W3C//DTD XHTML 1.0 Transitional//EN"
    "http://www.w3.org/TR/xhtml1/DTD/xhtml1-transitional.dtd">
<html xmlns="http://www.w3.org/1999/xhtml" xml:lang="en" lang="en">
 <head>
  <title>
</title>
<meta http-equiv="Content-Type" content="text/html;charset=utf-8" />
  <meta name='ocr-system' content='tesseract 3.04.00' />
  <meta name='ocr-capabilities' content='ocr_page ocr_carea ocr_par ocr_line ocrx_word'/>
</head>
<body>
  <div class='ocr_page' id='page_1' title='image "anglolatinsatir00wriggoog_0066.png"; bbox 0 0 3524 5802; ppageno 0'>
   <div class='ocr_carea' id='block_1_1' title="bbox 410 835 1362 904">
    <p class='ocr_par' dir='ltr' id='par_1_1' title="bbox 410 835 1362 904">
     <span class='ocr_line' id='line_1_1' title="bbox 410 835 1362 904; baseline 0.007 -6"><span class='ocrx_word' id='word_1_1' title='bbox 410 835 451 898; x_wconf 77' lang='lat'><strong>28</strong></span> <span class='ocrx_word' id='word_1_2' title='bbox 508 847 689 897; x_wconf 69' lang='lat' dir='ltr'><strong>summoue</strong></span> <span class='ocrx_word' id='word_1_3' title='bbox 714 848 818 897; x_wconf 82' lang='lat' dir='ltr'><strong>roure</strong></span> <span class='ocrx_word' id='word_1_4' title='bbox 842 849 885 897; x_wconf 85' lang='lat' dir='ltr'><strong>or</strong></span> <span class='ocrx_word' id='word_1_5' title='bbox 908 850 977 898; x_wconf 80' lang='lat' dir='ltr'><strong>run</strong></span> <span class='ocrx_word' id='word_1_6' title='bbox 1000 849 1165 900; x_wconf 81' lang='lat' dir='ltr'><strong>rwnurru</strong></span> <span class='ocrx_word' id='word_1_7' title='bbox 1188 835 1362 904; x_wconf 73' lang='lat' dir='ltr'><strong>emmer.</strong></span> 
     </span>
    </p>
   </div>
   <div class='ocr_carea' id='block_1_2' title="bbox 407 1022 1460 2024">
    <p class='ocr_par' dir='ltr' id='par_1_2' title="bbox 410 1022 1450 1214">
     <span class='ocr_line' id='line_1_2' title="bbox 410 1022 1450 1110; baseline 0.004 -22"><span class='ocrx_word' id='word_1_8' title='bbox 410 1027 428 1057; x_wconf 88' lang='lat'><strong>“</strong></span> <span class='ocrx_word' id='word_1_9' title='bbox 452 1023 539 1104; x_wconf 86' lang='lat' dir='ltr'><strong>Quid</strong></span> <span class='ocrx_word' id='word_1_10' title='bbox 555 1043 672 1110; x_wconf 88' lang='lat' dir='ltr'><strong>queror</strong></span> <span class='ocrx_word' id='word_1_11' title='bbox 693 1024 878 1090; x_wconf 71' lang='lat' dir='ltr'><strong>ineassum?</strong></span> <span class='ocrx_word' id='word_1_12' title='bbox 912 1022 1036 1089; x_wconf 85' lang='lat' dir='ltr'><strong>Mando</strong></span> <span class='ocrx_word' id='word_1_13' title='bbox 1058 1030 1170 1090; x_wconf 83' lang='lat' dir='ltr'><strong>tamen</strong></span> <span class='ocrx_word' id='word_1_14' title='bbox 1194 1025 1261 1091; x_wconf 83' lang='lat' dir='ltr'><strong>ista</strong></span> <span class='ocrx_word' id='word_1_15' title='bbox 1281 1026 1450 1092; x_wconf 81' lang='lat' dir='ltr'>modernis</span> 
     </span>
     <span class='ocr_line' id='line_1_3' title="bbox 455 1124 1367 1214; baseline 0.004 -24"><span class='ocrx_word' id='word_1_16' title='bbox 455 1133 472 1160; x_wconf 91' lang='lat'>“</span> <span class='ocrx_word' id='word_1_17' title='bbox 496 1125 562 1205; x_wconf 82' lang='lat' dir='ltr'><strong>Qui</strong></span> <span class='ocrx_word' id='word_1_18' title='bbox 584 1131 659 1212; x_wconf 87' lang='lat' dir='ltr'><strong>post</strong></span> <span class='ocrx_word' id='word_1_19' title='bbox 681 1147 733 1191; x_wconf 90' lang='lat' dir='ltr'><strong>me</strong></span> <span class='ocrx_word' id='word_1_20' title='bbox 755 1125 899 1205; x_wconf 90' lang='lat' dir='ltr'><strong>venient,</strong></span> <span class='ocrx_word' id='word_1_21' title='bbox 923 1124 994 1191; x_wconf 81' lang='lat' dir='ltr'><strong>haee</strong></span> <span class='ocrx_word' id='word_1_22' title='bbox 1016 1125 1083 1191; x_wconf 93' lang='lat' dir='ltr'><strong>duo</strong></span> <span class='ocrx_word' id='word_1_23' title='bbox 1106 1126 1210 1192; x_wconf 88' lang='lat' dir='ltr'><strong>verba</strong></span> <span class='ocrx_word' id='word_1_24' title='bbox 1231 1126 1367 1214; x_wconf 80' lang='lat' dir='ltr'><strong>legant:</strong></span> 
     </span>
    </p>

    <p class='ocr_par' dir='ltr' id='par_1_3' title="bbox 409 1226 1460 1415">
     <span class='ocr_line' id='line_1_4' title="bbox 409 1226 1460 1318; baseline 0.005 -27"><span class='ocrx_word' id='word_1_25' title='bbox 409 1233 428 1262; x_wconf 88' lang='lat'>“</span> <span class='ocrx_word' id='word_1_26' title='bbox 452 1227 540 1291; x_wconf 89' lang='lat' dir='ltr'><strong>Dum</strong></span> <span class='ocrx_word' id='word_1_27' title='bbox 556 1234 703 1313; x_wconf 76' lang='lat' dir='ltr'>superest</span> <span class='ocrx_word' id='word_1_28' title='bbox 716 1227 800 1292; x_wconf 84' lang='lat' dir='ltr'>nihil</span> <span class='ocrx_word' id='word_1_29' title='bbox 816 1231 874 1307; x_wconf 89' lang='lat' dir='ltr'><strong>est,</strong></span> <span class='ocrx_word' id='word_1_30' title='bbox 887 1226 1057 1318; x_wconf 90' lang='lat' dir='ltr'><strong>nihiloque</strong></span> <span class='ocrx_word' id='word_1_31' title='bbox 1071 1228 1183 1294; x_wconf 87' lang='lat' dir='ltr'><strong>minus</strong></span> <span class='ocrx_word' id='word_1_32' title='bbox 1195 1229 1284 1314; x_wconf 90' lang='lat' dir='ltr'><strong>quod</strong></span> <span class='ocrx_word' id='word_1_33' title='bbox 1299 1228 1460 1296; x_wconf 86' lang='lat' dir='ltr'><strong>habemus</strong></span> 
     </span>
     <span class='ocr_line' id='line_1_5' title="bbox 455 1328 1338 1415; baseline 0.002 -21"><span class='ocrx_word' id='word_1_34' title='bbox 455 1335 472 1362; x_wconf 92' lang='lat'>“</span> <span class='ocrx_word' id='word_1_35' title='bbox 496 1328 608 1408; x_wconf 84' lang='lat' dir='ltr'><strong>Cedat,</strong></span> <span class='ocrx_word' id='word_1_36' title='bbox 631 1333 666 1392; x_wconf 93' lang='lat' dir='ltr'><strong>et</strong></span> <span class='ocrx_word' id='word_1_37' title='bbox 687 1332 739 1393; x_wconf 87' lang='lat' dir='ltr'><strong>est</strong></span> <span class='ocrx_word' id='word_1_38' title='bbox 761 1349 916 1415; x_wconf 85' lang='lat' dir='ltr'><strong>magnum</strong></span> <span class='ocrx_word' id='word_1_39' title='bbox 941 1328 1030 1413; x_wconf 91' lang='lat' dir='ltr'><strong>quod</strong></span> <span class='ocrx_word' id='word_1_40' title='bbox 1053 1329 1119 1394; x_wconf 85' lang='lat' dir='ltr'><strong>fuit</strong></span> <span class='ocrx_word' id='word_1_41' title='bbox 1141 1335 1222 1394; x_wconf 85' lang='lat' dir='ltr'><strong>ante</strong></span> <span class='ocrx_word' id='word_1_42' title='bbox 1244 1330 1338 1396; x_wconf 89' lang='lat' dir='ltr'><strong>nihil.</strong></span> 
     </span>
    </p>

    <p class='ocr_par' dir='ltr' id='par_1_4' title="bbox 409 1427 1442 1617">
     <span class='ocr_line' id='line_1_6' title="bbox 409 1427 1442 1516; baseline 0.004 -23"><span class='ocrx_word' id='word_1_43' title='bbox 409 1436 427 1464; x_wconf 87' lang='lat'><strong>“</strong></span> <span class='ocrx_word' id='word_1_44' title='bbox 450 1429 507 1493; x_wconf 90' lang='lat' dir='ltr'><strong>Nil</strong></span> <span class='ocrx_word' id='word_1_45' title='bbox 531 1451 604 1494; x_wconf 90' lang='lat' dir='ltr'><strong>mea</strong></span> <span class='ocrx_word' id='word_1_46' title='bbox 626 1429 731 1494; x_wconf 83' lang='lat' dir='ltr'><strong>cauda</strong></span> <span class='ocrx_word' id='word_1_47' title='bbox 752 1429 827 1508; x_wconf 81' lang='lat' dir='ltr'><strong>fuit,</strong></span> <span class='ocrx_word' id='word_1_48' title='bbox 851 1429 934 1493; x_wconf 87' lang='lat' dir='ltr'><strong>mihi</strong></span> <span class='ocrx_word' id='word_1_49' title='bbox 956 1427 1059 1494; x_wconf 93' lang='lat' dir='ltr'><strong>dum¹</strong></span> <span class='ocrx_word' id='word_1_50' title='bbox 1083 1431 1260 1516; x_wconf 81' lang='lat' dir='ltr'><strong>conjuncta</strong></span> <span class='ocrx_word' id='word_1_51' title='bbox 1282 1437 1442 1512; x_wconf 85' lang='lat' dir='ltr'><strong>maneret,</strong></span> 
     </span>
     <span class='ocr_line' id='line_1_7' title="bbox 453 1531 1225 1617; baseline 0.005 -23"><span class='ocrx_word' id='word_1_52' title='bbox 453 1537 470 1565; x_wconf 88' lang='lat'><strong>“</strong></span> <span class='ocrx_word' id='word_1_53' title='bbox 494 1531 641 1596; x_wconf 85' lang='lat' dir='ltr'><strong>Maxima</strong></span> <span class='ocrx_word' id='word_1_54' title='bbox 662 1531 718 1595; x_wconf 90' lang='lat' dir='ltr'><strong>sed</strong></span> <span class='ocrx_word' id='word_1_55' title='bbox 741 1535 914 1617; x_wconf 82' lang='lat' dir='ltr'><strong>postquam</strong></span> <span class='ocrx_word' id='word_1_56' title='bbox 937 1531 1037 1596; x_wconf 87' lang='lat' dir='ltr'><strong>desiit</strong></span> <span class='ocrx_word' id='word_1_57' title='bbox 1060 1553 1129 1596; x_wconf 88' lang='lat' dir='ltr'><strong>esse</strong></span> <span class='ocrx_word' id='word_1_58' title='bbox 1151 1531 1225 1598; x_wconf 86' lang='lat' dir='ltr'><strong>fuit.</strong></span> 
     </span>
    </p>

    <p class='ocr_par' dir='ltr' id='par_1_5' title="bbox 408 1631 1383 1818">
     <span class='ocr_line' id='line_1_8' title="bbox 408 1631 1383 1719; baseline 0.005 -23"><span class='ocrx_word' id='word_1_59' title='bbox 408 1639 426 1666; x_wconf 85' lang='lat'><strong>‘⁴</strong></span> <span class='ocrx_word' id='word_1_60' title='bbox 449 1631 586 1696; x_wconf 83' lang='lat' dir='ltr'>Perdere</span> <span class='ocrx_word' id='word_1_61' title='bbox 608 1653 683 1696; x_wconf 89' lang='lat' dir='ltr'><strong>eum</strong></span> <span class='ocrx_word' id='word_1_62' title='bbox 705 1631 823 1696; x_wconf 90' lang='lat' dir='ltr'><strong>timeas</strong></span> <span class='ocrx_word' id='word_1_63' title='bbox 846 1653 1012 1717; x_wconf 85' lang='lat' dir='ltr'><strong>magnum,</strong></span> <span class='ocrx_word' id='word_1_64' title='bbox 1035 1637 1190 1719; x_wconf 89' lang='lat' dir='ltr'><strong>reputare</strong></span> <span class='ocrx_word' id='word_1_65' title='bbox 1213 1640 1383 1701; x_wconf 90' lang='lat' dir='ltr'><strong>memento</strong></span> 
     </span>
     <span class='ocr_line' id='line_1_9' title="bbox 452 1732 1373 1818; baseline 0.007 -22"><span class='ocrx_word' id='word_1_66' title='bbox 452 1739 470 1767; x_wconf 91' lang='lat'><strong>“</strong></span> <span class='ocrx_word' id='word_1_67' title='bbox 494 1732 656 1818; x_wconf 80' lang='lat' dir='ltr'><strong>Quicquid</strong></span> <span class='ocrx_word' id='word_1_68' title='bbox 678 1733 787 1812; x_wconf 84' lang='lat' dir='ltr'><strong>habes,</strong></span> <span class='ocrx_word' id='word_1_69' title='bbox 811 1733 976 1798; x_wconf 87' lang='lat' dir='ltr'><strong>modicum</strong></span> <span class='ocrx_word' id='word_1_70' title='bbox 998 1733 1044 1798; x_wconf 90' lang='lat' dir='ltr'><strong>sit</strong></span> <span class='ocrx_word' id='word_1_71' title='bbox 1066 1735 1145 1800; x_wconf 87' lang='lat' dir='ltr'><strong>licet</strong></span> <span class='ocrx_word' id='word_1_72' title='bbox 1168 1735 1253 1802; x_wconf 90' lang='lat' dir='ltr'><strong>illud</strong></span> <span class='ocrx_word' id='word_1_73' title='bbox 1275 1737 1373 1802; x_wconf 90' lang='lat' dir='ltr'><strong>idem.</strong></span> 
     </span>
    </p>

    <p class='ocr_par' dir='ltr' id='par_1_6' title="bbox 407 1833 1277 2024">
     <span class='ocr_line' id='line_1_10' title="bbox 407 1833 1277 1914; baseline 0.006 -16"><span class='ocrx_word' id='word_1_74' title='bbox 407 1842 425 1870; x_wconf 81' lang='lat'><strong>‘⁴</strong></span> <span class='ocrx_word' id='word_1_75' title='bbox 449 1833 598 1899; x_wconf 81' lang='lat' dir='ltr'><strong>Desierat</strong></span> <span class='ocrx_word' id='word_1_76' title='bbox 620 1833 764 1914; x_wconf 61' lang='lat' dir='ltr'><strong>tandem}</strong></span> <span class='ocrx_word' id='word_1_77' title='bbox 789 1835 910 1899; x_wconf 81' lang='lat' dir='ltr'><strong>mentis</strong></span> <span class='ocrx_word' id='word_1_78' title='bbox 932 1835 1105 1900; x_wconf 84' lang='lat' dir='ltr'><strong>stimulata</strong></span> <span class='ocrx_word' id='word_1_79' title='bbox 1127 1836 1277 1903; x_wconf 89' lang='lat' dir='ltr'><strong>Bieornis</strong></span> 
     </span>
     <span class='ocr_line' id='line_1_11' title="bbox 451 1936 1198 2024; baseline 0.001 -22"><span class='ocrx_word' id='word_1_80' title='bbox 451 1943 468 1972; x_wconf 91' lang='lat'>“</span> <span class='ocrx_word' id='word_1_81' title='bbox 491 1936 671 2002; x_wconf 85' lang='lat' dir='ltr'><strong>Anxietate</strong></span> <span class='ocrx_word' id='word_1_82' title='bbox 693 1937 797 2024; x_wconf 83' lang='lat' dir='ltr'><strong>gravi,</strong></span> <span class='ocrx_word' id='word_1_83' title='bbox 821 1936 903 2001; x_wconf 84' lang='lat' dir='ltr'><strong>talia</strong></span> <span class='ocrx_word' id='word_1_84' title='bbox 925 1937 1027 2002; x_wconf 87' lang='lat' dir='ltr'><strong>verba</strong></span> <span class='ocrx_word' id='word_1_85' title='bbox 1050 1937 1150 2024; x_wconf 91' lang='lat' dir='ltr'><strong>loqui.</strong></span> <span class='ocrx_word' id='word_1_86' title='bbox 1194 1968 1198 1980; x_wconf 87' lang='lat'><em>·</em></span> 
     </span>
    </p>
   </div>
   <div class='ocr_carea' id='block_1_3' title="bbox 697 2181 1143 2266">
    <p class='ocr_par' dir='ltr' id='par_1_7' title="bbox 697 2181 1143 2266">
     <span class='ocr_line' id='line_1_12' title="bbox 697 2181 1143 2266; baseline 0 -18"><span class='ocrx_word' id='word_1_87' title='bbox 697 2181 790 2266; x_wconf 77' lang='lat' dir='ltr'><strong>Quid</strong></span> <span class='ocrx_word' id='word_1_88' title='bbox 812 2181 972 2249; x_wconf 78' lang='lat' dir='ltr'><strong>acciderit</strong></span> <span class='ocrx_word' id='word_1_89' title='bbox 993 2181 1143 2249; x_wconf 77' lang='lat' dir='ltr'><strong>Bicorei.</strong></span> 
     </span>
    </p>
   </div>
   <div class='ocr_carea' id='block_1_4' title="bbox 401 2339 1392 3546">
    <p class='ocr_par' dir='ltr' id='par_1_8' title="bbox 406 2339 1245 2529">
     <span class='ocr_line' id='line_1_13' title="bbox 406 2339 1245 2426; baseline -0.001 -19"><span class='ocrx_word' id='word_1_90' title='bbox 406 2348 423 2376; x_wconf 92' lang='lat'><strong>“</strong></span> <span class='ocrx_word' id='word_1_91' title='bbox 447 2341 592 2407; x_wconf 85' lang='lat' dir='ltr'><strong>Venerat</strong></span> <span class='ocrx_word' id='word_1_92' title='bbox 614 2339 741 2406; x_wconf 85' lang='lat' dir='ltr'><strong>interea</strong></span> <span class='ocrx_word' id='word_1_93' title='bbox 762 2344 892 2426; x_wconf 89' lang='lat' dir='ltr'><strong>tempus</strong></span> <span class='ocrx_word' id='word_1_94' title='bbox 915 2361 980 2425; x_wconf 91' lang='lat' dir='ltr'><strong>quo</strong></span> <span class='ocrx_word' id='word_1_95' title='bbox 1003 2339 1123 2406; x_wconf 88' lang='lat' dir='ltr'><strong>fertilis</strong></span> <span class='ocrx_word' id='word_1_96' title='bbox 1145 2344 1245 2406; x_wconf 81' lang='lat' dir='ltr'><strong>aeetas</strong></span> 
     </span>
     <span class='ocr_line' id='line_1_14' title="bbox 450 2442 1205 2529; baseline -0.001 -22"><span class='ocrx_word' id='word_1_97' title='bbox 450 2449 467 2478; x_wconf 89' lang='lat'><strong>“</strong></span> <span class='ocrx_word' id='word_1_98' title='bbox 490 2442 590 2509; x_wconf 84' lang='lat' dir='ltr'><strong>Prata</strong></span> <span class='ocrx_word' id='word_1_99' title='bbox 613 2443 696 2508; x_wconf 90' lang='lat' dir='ltr'><strong>solet</strong></span> <span class='ocrx_word' id='word_1_100' title='bbox 718 2442 824 2528; x_wconf 91' lang='lat' dir='ltr'><strong>primo</strong></span> <span class='ocrx_word' id='word_1_101' title='bbox 847 2443 983 2529; x_wconf 82' lang='lat' dir='ltr'><strong>pingere</strong></span> <span class='ocrx_word' id='word_1_102' title='bbox 1005 2442 1085 2507; x_wconf 92' lang='lat' dir='ltr'><strong>flore</strong></span> <span class='ocrx_word' id='word_1_103' title='bbox 1109 2463 1205 2506; x_wconf 89' lang='lat' dir='ltr'><strong>novo.</strong></span> 
     </span>
    </p>

    <p class='ocr_par' dir='ltr' id='par_1_9' title="bbox 405 2543 1392 2731">
     <span class='ocr_line' id='line_1_15' title="bbox 405 2543 1392 2630; baseline 0.002 -20"><span class='ocrx_word' id='word_1_104' title='bbox 405 2553 423 2581; x_wconf 88' lang='lat'><strong><em>“</em></strong></span> <span class='ocrx_word' id='word_1_105' title='bbox 447 2545 606 2611; x_wconf 74' lang='lat' dir='ltr'><strong>Induerat</strong></span> <span class='ocrx_word' id='word_1_106' title='bbox 623 2545 694 2630; x_wconf 86' lang='lat' dir='ltr'><strong>jam</strong></span> <span class='ocrx_word' id='word_1_107' title='bbox 716 2543 831 2609; x_wconf 88' lang='lat' dir='ltr'><strong>fronde</strong></span> <span class='ocrx_word' id='word_1_108' title='bbox 854 2564 978 2623; x_wconf 87' lang='lat' dir='ltr'><strong>nemus,</strong></span> <span class='ocrx_word' id='word_1_109' title='bbox 997 2543 1069 2628; x_wconf 83' lang='lat' dir='ltr'><strong>jam</strong></span> <span class='ocrx_word' id='word_1_110' title='bbox 1091 2543 1242 2630; x_wconf 82' lang='lat' dir='ltr'><strong>gramine</strong></span> <span class='ocrx_word' id='word_1_111' title='bbox 1265 2550 1392 2612; x_wconf 87' lang='lat' dir='ltr'><strong>terram</strong></span> 
     </span>
     <span class='ocr_line' id='line_1_16' title="bbox 450 2645 1159 2731; baseline -0.001 -19"><span class='ocrx_word' id='word_1_112' title='bbox 450 2654 467 2682; x_wconf 92' lang='lat'><strong>“</strong></span> <span class='ocrx_word' id='word_1_113' title='bbox 489 2646 640 2726; x_wconf 84' lang='lat' dir='ltr'><strong>Texerat,</strong></span> <span class='ocrx_word' id='word_1_114' title='bbox 663 2646 804 2710; x_wconf 77' lang='lat' dir='ltr'><strong>intextis</strong></span> <span class='ocrx_word' id='word_1_115' title='bbox 826 2645 962 2710; x_wconf 83' lang='lat' dir='ltr'><strong>floribus</strong></span> <span class='ocrx_word' id='word_1_116' title='bbox 984 2650 1057 2710; x_wconf 85' lang='lat' dir='ltr'><strong>arte</strong></span> <span class='ocrx_word' id='word_1_117' title='bbox 1079 2647 1159 2731; x_wconf 84' lang='lat' dir='ltr'><strong>pari.</strong></span> 
     </span>
    </p>

    <p class='ocr_par' dir='ltr' id='par_1_10' title="bbox 405 2746 1261 2935">
     <span class='ocr_line' id='line_1_17' title="bbox 405 2746 1261 2828; baseline 0 -14"><span class='ocrx_word' id='word_1_118' title='bbox 405 2757 422 2784; x_wconf 90' lang='lat'><strong>“</strong></span> <span class='ocrx_word' id='word_1_119' title='bbox 446 2750 605 2814; x_wconf 86' lang='lat' dir='ltr'><strong>Exierant</strong></span> <span class='ocrx_word' id='word_1_120' title='bbox 627 2747 774 2813; x_wconf 84' lang='lat' dir='ltr'><strong>volueres</strong></span> <span class='ocrx_word' id='word_1_121' title='bbox 796 2747 913 2813; x_wconf 90' lang='lat' dir='ltr'><strong>hiemis</strong></span> <span class='ocrx_word' id='word_1_122' title='bbox 935 2747 976 2812; x_wconf 92' lang='lat' dir='ltr'><strong>de</strong></span> <span class='ocrx_word' id='word_1_123' title='bbox 999 2768 1124 2812; x_wconf 80' lang='lat' dir='ltr'><strong>earcere</strong></span> <span class='ocrx_word' id='word_1_124' title='bbox 1145 2746 1261 2828; x_wconf 85' lang='lat' dir='ltr'><strong>fracto,</strong></span> 
     </span>
     <span class='ocr_line' id='line_1_18' title="bbox 449 2848 1186 2935; baseline 0 -19"><span class='ocrx_word' id='word_1_125' title='bbox 449 2858 466 2886; x_wconf 91' lang='lat'><strong>“</strong></span> <span class='ocrx_word' id='word_1_126' title='bbox 490 2849 624 2916; x_wconf 87' lang='lat' dir='ltr'><strong>Solvere</strong></span> <span class='ocrx_word' id='word_1_127' title='bbox 646 2849 799 2914; x_wconf 83' lang='lat' dir='ltr'><strong>finitimis</strong></span> <span class='ocrx_word' id='word_1_128' title='bbox 822 2848 923 2935; x_wconf 86' lang='lat' dir='ltr'><strong>digna</strong></span> <span class='ocrx_word' id='word_1_129' title='bbox 946 2849 1075 2914; x_wconf 87' lang='lat' dir='ltr'><strong>tributa</strong></span> <span class='ocrx_word' id='word_1_130' title='bbox 1097 2848 1186 2916; x_wconf 87' lang='lat' dir='ltr'><strong>loeis.</strong></span> 
     </span>
    </p>

    <p class='ocr_par' dir='ltr' id='par_1_11' title="bbox 404 2949 1355 3138">
     <span class='ocr_line' id='line_1_19' title="bbox 404 2949 1355 3037; baseline -0.001 -18"><span class='ocrx_word' id='word_1_131' title='bbox 404 2961 421 2988; x_wconf 87' lang='lat'><strong>“</strong></span> <span class='ocrx_word' id='word_1_132' title='bbox 446 2952 557 3020; x_wconf 82' lang='lat' dir='ltr'><strong>Verba</strong></span> <span class='ocrx_word' id='word_1_133' title='bbox 578 2957 699 3037; x_wconf 81' lang='lat' dir='ltr'><strong>negata</strong></span> <span class='ocrx_word' id='word_1_134' title='bbox 721 2950 785 3015; x_wconf 83' lang='lat' dir='ltr'><strong>sibi</strong></span> <span class='ocrx_word' id='word_1_135' title='bbox 807 2951 970 3015; x_wconf 86' lang='lat' dir='ltr'><strong>redimens</strong></span> <span class='ocrx_word' id='word_1_136' title='bbox 992 2949 1182 3037; x_wconf 85' lang='lat' dir='ltr'><strong>philomena</strong></span> <span class='ocrx_word' id='word_1_137' title='bbox 1204 2951 1355 3018; x_wconf 73' lang='lat' dir='ltr'><strong>sonoris²</strong></span> 
     </span>
     <span class='ocr_line' id='line_1_20' title="bbox 449 3051 1235 3138; baseline -0.001 -19"><span class='ocrx_word' id='word_1_138' title='bbox 449 3061 467 3090; x_wconf 88' lang='lat'><strong>“</strong></span> <span class='ocrx_word' id='word_1_139' title='bbox 493 3052 635 3119; x_wconf 83' lang='lat' dir='ltr'><strong>Vocibus</strong></span> <span class='ocrx_word' id='word_1_140' title='bbox 657 3051 791 3132; x_wconf 86' lang='lat' dir='ltr'><strong>insistit,</strong></span> <span class='ocrx_word' id='word_1_141' title='bbox 815 3057 970 3138; x_wconf 86' lang='lat' dir='ltr'><strong>personat</strong></span> <span class='ocrx_word' id='word_1_142' title='bbox 992 3073 1089 3117; x_wconf 90' lang='lat' dir='ltr'><strong>omne</strong></span> <span class='ocrx_word' id='word_1_143' title='bbox 1111 3073 1235 3118; x_wconf 77' lang='lat' dir='ltr'><strong>nemus</strong></span> 
     </span>
    </p>

    <p class='ocr_par' dir='ltr' id='par_1_12' title="bbox 403 3153 1345 3341">
     <span class='ocr_line' id='line_1_21' title="bbox 403 3153 1345 3238; baseline 0.001 -17"><span class='ocrx_word' id='word_1_144' title='bbox 403 3163 420 3192; x_wconf 89' lang='lat'><strong><em>“</em></strong></span> <span class='ocrx_word' id='word_1_145' title='bbox 443 3157 532 3238; x_wconf 85' lang='lat' dir='ltr'><strong>Quos</strong></span> <span class='ocrx_word' id='word_1_146' title='bbox 554 3158 674 3219; x_wconf 81' lang='lat' dir='ltr'><strong>nature</strong></span> <span class='ocrx_word' id='word_1_147' title='bbox 696 3158 800 3233; x_wconf 84' lang='lat' dir='ltr'><strong>voeet,</strong></span> <span class='ocrx_word' id='word_1_148' title='bbox 823 3174 898 3218; x_wconf 90' lang='lat' dir='ltr'><strong>eum</strong></span> <span class='ocrx_word' id='word_1_149' title='bbox 921 3157 1052 3218; x_wconf 90' lang='lat' dir='ltr'><strong>turture</strong></span> <span class='ocrx_word' id='word_1_150' title='bbox 1075 3153 1170 3218; x_wconf 90' lang='lat' dir='ltr'><strong>venit</strong></span> <span class='ocrx_word' id='word_1_151' title='bbox 1192 3153 1345 3236; x_wconf 91' lang='lat' dir='ltr'><strong>hirundo,</strong></span> 
     </span>
     <span class='ocr_line' id='line_1_22' title="bbox 447 3256 1234 3341; baseline 0.001 -20"><span class='ocrx_word' id='word_1_152' title='bbox 447 3263 464 3292; x_wconf 91' lang='lat'><strong>“</strong></span> <span class='ocrx_word' id='word_1_153' title='bbox 486 3257 725 3341; x_wconf 85' lang='lat' dir='ltr'><strong>Adventusque</strong></span> <span class='ocrx_word' id='word_1_154' title='bbox 747 3256 799 3320; x_wconf 88' lang='lat' dir='ltr'><strong>eui</strong></span> <span class='ocrx_word' id='word_1_155' title='bbox 821 3259 972 3341; x_wconf 83' lang='lat' dir='ltr'><strong>tempora</strong></span> <span class='ocrx_word' id='word_1_156' title='bbox 994 3259 1085 3320; x_wconf 85' lang='lat' dir='ltr'><strong>certa</strong></span> <span class='ocrx_word' id='word_1_157' title='bbox 1106 3258 1234 3322; x_wconf 85' lang='lat' dir='ltr'><strong>tenent</strong></span> 
     </span>
    </p>

    <p class='ocr_par' dir='ltr' id='par_1_13' title="bbox 401 3356 1281 3546">
     <span class='ocr_line' id='line_1_23' title="bbox 401 3356 1281 3438; baseline -0.002 -14"><span class='ocrx_word' id='word_1_158' title='bbox 401 3369 419 3396; x_wconf 88' lang='lat'><strong>“</strong></span> <span class='ocrx_word' id='word_1_159' title='bbox 442 3358 595 3424; x_wconf 87' lang='lat' dir='ltr'><strong>Nuneius</strong></span> <span class='ocrx_word' id='word_1_160' title='bbox 617 3379 743 3424; x_wconf 81' lang='lat' dir='ltr'><strong>eurorae</strong></span> <span class='ocrx_word' id='word_1_161' title='bbox 766 3357 926 3422; x_wconf 87' lang='lat' dir='ltr'><strong>merulam</strong></span> <span class='ocrx_word' id='word_1_162' title='bbox 949 3356 1130 3421; x_wconf 80' lang='lat' dir='ltr'><strong>comitatur</strong></span> <span class='ocrx_word' id='word_1_163' title='bbox 1152 3357 1281 3438; x_wconf 82' lang='lat' dir='ltr'><strong>alauda,</strong></span> 
     </span>
     <span class='ocr_line' id='line_1_24' title="bbox 446 3458 1238 3546; baseline -0.004 -21"><span class='ocrx_word' id='word_1_164' title='bbox 446 3467 464 3496; x_wconf 91' lang='grc'>“</span> <span class='ocrx_word' id='word_1_165' title='bbox 487 3460 558 3525; x_wconf 90' lang='lat' dir='ltr'><strong>Nee</strong></span> <span class='ocrx_word' id='word_1_166' title='bbox 580 3481 640 3524; x_wconf 89' lang='lat' dir='ltr'><strong>sua</strong></span> <span class='ocrx_word' id='word_1_167' title='bbox 661 3463 852 3546; x_wconf 83' lang='lat' dir='ltr'><strong>permutant</strong></span> <span class='ocrx_word' id='word_1_168' title='bbox 874 3462 1024 3544; x_wconf 84' lang='lat' dir='ltr'><strong>tempora</strong></span> <span class='ocrx_word' id='word_1_169' title='bbox 1045 3458 1118 3545; x_wconf 86' lang='lat' dir='ltr'><strong>lege</strong></span> <span class='ocrx_word' id='word_1_170' title='bbox 1140 3480 1238 3524; x_wconf 87' lang='lat' dir='ltr'><strong>nova.</strong></span> 
     </span>
    </p>
   </div>
   <div class='ocr_carea' id='block_1_5' title="bbox 402 3559 1460 3740">
    <p class='ocr_par' dir='ltr' id='par_1_14' title="bbox 402 3559 1460 3740">
     <span class='ocr_line' id='line_1_25' title="bbox 402 3559 1460 3648; baseline -0.006 -18"><span class='ocrx_word' id='word_1_171' title='bbox 402 3570 419 3597; x_wconf 90' lang='lat'><strong>“</strong></span> <span class='ocrx_word' id='word_1_172' title='bbox 443 3561 580 3648; x_wconf 86' lang='lat' dir='ltr'><strong>Semper</strong></span> <span class='ocrx_word' id='word_1_173' title='bbox 601 3559 689 3624; x_wconf 91' lang='lat' dir='ltr'><strong>idem</strong></span> <span class='ocrx_word' id='word_1_174' title='bbox 711 3564 871 3645; x_wconf 86' lang='lat' dir='ltr'><strong>repetens,</strong></span> <span class='ocrx_word' id='word_1_175' title='bbox 894 3559 1001 3624; x_wconf 84' lang='lat' dir='ltr'><strong>veteri</strong></span> <span class='ocrx_word' id='word_1_176' title='bbox 1023 3581 1112 3625; x_wconf 86' lang='lat' dir='ltr'><strong>nova</strong></span> <span class='ocrx_word' id='word_1_177' title='bbox 1132 3565 1282 3648; x_wconf 87' lang='lat' dir='ltr'><strong>tempora</strong></span> <span class='ocrx_word' id='word_1_178' title='bbox 1304 3583 1383 3628; x_wconf 84' lang='lat' dir='ltr'><strong>voee</strong></span> <span class='ocrx_word' id='word_1_179' title='bbox 1457 3563 1460 3572; x_wconf 86' lang='lat'>&#39;</span> 
     </span>
     <span class='ocr_line' id='line_1_26' title="bbox 446 3659 1217 3740; baseline -0.001 -12"><span class='ocrx_word' id='word_1_180' title='bbox 446 3669 463 3697; x_wconf 95' lang='lat'><strong>“</strong></span> <span class='ocrx_word' id='word_1_181' title='bbox 487 3660 642 3726; x_wconf 86' lang='lat' dir='ltr'><strong>Ostendit</strong></span> <span class='ocrx_word' id='word_1_182' title='bbox 664 3660 804 3740; x_wconf 85' lang='lat' dir='ltr'><strong>cuculus,</strong></span> <span class='ocrx_word' id='word_1_183' title='bbox 828 3661 877 3724; x_wconf 88' lang='lat' dir='ltr'><strong>nil</strong></span> <span class='ocrx_word' id='word_1_184' title='bbox 899 3660 1061 3726; x_wconf 86' lang='lat' dir='ltr'><strong>novitatis</strong></span> <span class='ocrx_word' id='word_1_185' title='bbox 1084 3659 1217 3727; x_wconf 85' lang='lat' dir='ltr'><strong>habens.</strong></span> 
     </span>
    </p>
   </div>
   <div class='ocr_carea' id='block_1_6' title="bbox 400 3761 1378 4362">
    <p class='ocr_par' dir='ltr' id='par_1_15' title="bbox 401 3761 1242 3953">
     <span class='ocr_line' id='line_1_27' title="bbox 401 3761 1242 3849; baseline -0.005 -17"><span class='ocrx_word' id='word_1_186' title='bbox 401 3772 419 3800; x_wconf 91' lang='lat'><strong>“</strong></span> <span class='ocrx_word' id='word_1_187' title='bbox 443 3763 613 3832; x_wconf 82' lang='lat' dir='ltr'><strong>Oonoentu</strong></span> <span class='ocrx_word' id='word_1_188' title='bbox 635 3763 731 3849; x_wconf 87' lang='lat' dir='ltr'><strong>parili</strong></span> <span class='ocrx_word' id='word_1_189' title='bbox 753 3785 872 3829; x_wconf 86' lang='lat' dir='ltr'><strong>vocum</strong></span> <span class='ocrx_word' id='word_1_190' title='bbox 897 3761 1095 3829; x_wconf 76' lang='lat' dir='ltr'><strong>eoncordia³</strong></span> <span class='ocrx_word' id='word_1_191' title='bbox 1119 3762 1242 3828; x_wconf 82' lang='lat' dir='ltr'><strong>discors</strong></span> 
     </span>
     <span class='ocr_line' id='line_1_28' title="bbox 446 3865 1217 3953; baseline 0 -22"><span class='ocrx_word' id='word_1_192' title='bbox 446 3872 464 3901; x_wconf 91' lang='lat'><strong>“</strong></span> <span class='ocrx_word' id='word_1_193' title='bbox 487 3866 634 3946; x_wconf 83' lang='lat' dir='ltr'><strong>Intonat,</strong></span> <span class='ocrx_word' id='word_1_194' title='bbox 657 3871 692 3931; x_wconf 89' lang='lat' dir='ltr'><strong>et</strong></span> <span class='ocrx_word' id='word_1_195' title='bbox 713 3865 806 3930; x_wconf 89' lang='lat' dir='ltr'><strong>silvis</strong></span> <span class='ocrx_word' id='word_1_196' title='bbox 828 3887 952 3953; x_wconf 85' lang='lat' dir='ltr'><strong>organa</strong></span> <span class='ocrx_word' id='word_1_197' title='bbox 973 3865 1063 3931; x_wconf 91' lang='lat' dir='ltr'><strong>mille</strong></span> <span class='ocrx_word' id='word_1_198' title='bbox 1087 3870 1217 3931; x_wconf 86' lang='lat' dir='ltr'><strong>sonent.</strong></span> 
     </span>
    </p>

    <p class='ocr_par' dir='ltr' id='par_1_16' title="bbox 401 3967 1328 4158">
     <span class='ocr_line' id='line_1_29' title="bbox 401 3967 1328 4054; baseline -0.003 -19"><span class='ocrx_word' id='word_1_199' title='bbox 401 3976 419 4004; x_wconf 90' lang='lat'><strong>“</strong></span> <span class='ocrx_word' id='word_1_200' title='bbox 442 3969 557 4035; x_wconf 83' lang='lat' dir='ltr'><strong>Oertat</strong></span> <span class='ocrx_word' id='word_1_201' title='bbox 579 3967 660 4033; x_wconf 93' lang='lat' dir='ltr'><strong>odor</strong></span> <span class='ocrx_word' id='word_1_202' title='bbox 681 3967 799 4032; x_wconf 90' lang='lat' dir='ltr'><strong>florum</strong></span> <span class='ocrx_word' id='word_1_203' title='bbox 822 3972 939 4033; x_wconf 87' lang='lat' dir='ltr'><strong>eantus</strong></span> <span class='ocrx_word' id='word_1_204' title='bbox 962 3988 1114 4054; x_wconf 87' lang='lat' dir='ltr'><strong>superare</strong></span> <span class='ocrx_word' id='word_1_205' title='bbox 1136 3967 1328 4049; x_wconf 86' lang='lat' dir='ltr'><strong>voluerum;</strong></span> 
     </span>
     <span class='ocr_line' id='line_1_30' title="bbox 445 4069 1284 4158; baseline -0.001 -22"><span class='ocrx_word' id='word_1_206' title='bbox 445 4077 463 4105; x_wconf 92' lang='lat'><strong>“</strong></span> <span class='ocrx_word' id='word_1_207' title='bbox 486 4069 619 4158; x_wconf 87' lang='lat' dir='ltr'><strong>Organa</strong></span> <span class='ocrx_word' id='word_1_208' title='bbox 641 4090 708 4134; x_wconf 86' lang='lat' dir='ltr'><strong>vox</strong></span> <span class='ocrx_word' id='word_1_209' title='bbox 731 4074 873 4155; x_wconf 88' lang='lat' dir='ltr'><strong>superat,</strong></span> <span class='ocrx_word' id='word_1_210' title='bbox 896 4069 1044 4134; x_wconf 83' lang='lat' dir='ltr'><strong>balsama</strong></span> <span class='ocrx_word' id='word_1_211' title='bbox 1066 4069 1174 4134; x_wconf 88' lang='lat' dir='ltr'><strong>vineit</strong></span> <span class='ocrx_word' id='word_1_212' title='bbox 1196 4069 1284 4136; x_wconf 90' lang='lat' dir='ltr'><strong>odor.</strong></span> 
     </span>
    </p>

    <p class='ocr_par' dir='ltr' id='par_1_17' title="bbox 400 4170 1378 4362">
     <span class='ocr_line' id='line_1_31' title="bbox 400 4170 1378 4260; baseline -0.003 -21"><span class='ocrx_word' id='word_1_213' title='bbox 400 4179 417 4208; x_wconf 90' lang='lat'><strong>“</strong></span> <span class='ocrx_word' id='word_1_214' title='bbox 440 4173 544 4240; x_wconf 82' lang='lat' dir='ltr'><strong>Dulce</strong></span> <span class='ocrx_word' id='word_1_215' title='bbox 565 4176 686 4238; x_wconf 84' lang='lat' dir='ltr'><strong>sonant</strong></span> <span class='ocrx_word' id='word_1_216' title='bbox 707 4171 810 4250; x_wconf 81' lang='lat' dir='ltr'><strong>silvae,</strong></span> <span class='ocrx_word' id='word_1_217' title='bbox 833 4171 984 4237; x_wconf 88' lang='lat' dir='ltr'><strong>redolent</strong></span> <span class='ocrx_word' id='word_1_218' title='bbox 1006 4170 1238 4258; x_wconf 78' lang='lat' dir='ltr'><strong>thymiamata,</strong></span> <span class='ocrx_word' id='word_1_219' title='bbox 1261 4172 1378 4260; x_wconf 82' lang='lat' dir='ltr'><strong>campi,</strong></span> 
     </span>
     <span class='ocr_line' id='line_1_32' title="bbox 444 4271 1274 4362; baseline 0.001 -23"><span class='ocrx_word' id='word_1_220' title='bbox 444 4281 461 4311; x_wconf 89' lang='lat'>“</span> <span class='ocrx_word' id='word_1_221' title='bbox 485 4274 637 4341; x_wconf 78' lang='lat' dir='ltr'><strong>Floribus</strong></span> <span class='ocrx_word' id='word_1_222' title='bbox 659 4279 694 4339; x_wconf 91' lang='lat' dir='ltr'><strong>et</strong></span> <span class='ocrx_word' id='word_1_223' title='bbox 715 4272 825 4338; x_wconf 84' lang='lat' dir='ltr'><strong>fructu</strong></span> <span class='ocrx_word' id='word_1_224' title='bbox 846 4271 1274 4362; x_wconf 82' lang='lat' dir='ltr'><strong>gignitennona⁴.solu1n.</strong></span> 
     </span>
    </p>
   </div>
   <div class='ocr_carea' id='block_1_7' title="bbox 396 4512 1449 4812">
    <p class='ocr_par' dir='ltr' id='par_1_18' title="bbox 396 4512 1449 4812">
     <span class='ocr_line' id='line_1_33' title="bbox 431 4512 1449 4580; baseline 0 -15"><span class='ocrx_word' id='word_1_225' title='bbox 431 4515 513 4578; x_wconf 67' lang='lat' dir='ltr'><strong>&#39;cam</strong></span> <span class='ocrx_word' id='word_1_226' title='bbox 525 4515 555 4567; x_wconf 88' lang='lat' dir='ltr'><strong>P.</strong></span> <span class='ocrx_word' id='word_1_227' title='bbox 575 4515 632 4580; x_wconf 80' lang='lat' dir='ltr'><strong>snit</strong></span> <span class='ocrx_word' id='word_1_228' title='bbox 648 4513 704 4564; x_wconf 83' lang='lat' dir='ltr'><strong>dum</strong></span> <span class='ocrx_word' id='word_1_229' title='bbox 721 4529 756 4564; x_wconf 81' lang='lat' dir='ltr'><strong>me</strong></span> <span class='ocrx_word' id='word_1_230' title='bbox 772 4513 895 4575; x_wconf 72' lang='lat' dir='ltr'><strong>saritam,</strong></span> <span class='ocrx_word' id='word_1_231' title='bbox 978 4512 1104 4574; x_wconf 55' lang='lat' dir='ltr'><strong>‘amoena</strong></span> <span class='ocrx_word' id='word_1_232' title='bbox 1125 4512 1261 4564; x_wconf 81' lang='lat' dir='ltr'><strong>interlined</strong></span> <span class='ocrx_word' id='word_1_233' title='bbox 1284 4515 1320 4579; x_wconf 81' lang='lat' dir='ltr'><strong>by</strong></span> <span class='ocrx_word' id='word_1_234' title='bbox 1343 4513 1449 4565; x_wconf 82' lang='lat' dir='ltr'><strong>another</strong></span> 
     </span>
     <span class='ocr_line' id='line_1_34' title="bbox 396 4592 1448 4655; baseline 0.002 -14"><span class='ocrx_word' id='word_1_235' title='bbox 396 4596 426 4646; x_wconf 85' lang='lat' dir='ltr'><strong>B.</strong></span> <span class='ocrx_word' id='word_1_236' title='bbox 945 4593 995 4642; x_wconf 80' lang='lat' dir='ltr'><strong>end</strong></span> <span class='ocrx_word' id='word_1_237' title='bbox 1011 4592 1095 4643; x_wconf 79' lang='lat' dir='ltr'><strong>rather</strong></span> <span class='ocrx_word' id='word_1_238' title='bbox 1107 4593 1170 4643; x_wconf 78' lang='lat' dir='ltr'><strong>later</strong></span> <span class='ocrx_word' id='word_1_239' title='bbox 1185 4592 1262 4655; x_wconf 88' lang='lat' dir='ltr'><strong>haud,</strong></span> <span class='ocrx_word' id='word_1_240' title='bbox 1278 4593 1312 4642; x_wconf 81' lang='lat' dir='ltr'><strong>A.</strong></span> <span class='ocrx_word' id='word_1_241' title='bbox 1346 4609 1448 4655; x_wconf 75' lang='lat' dir='ltr'><strong>amoma,</strong></span> 
     </span>
     <span class='ocr_line' id='line_1_35' title="bbox 429 4670 975 4739; baseline -0.004 -17"><span class='ocrx_word' id='word_1_242' title='bbox 429 4673 440 4706; x_wconf 54' lang='grc' dir='ltr'><strong>θ</strong></span> <span class='ocrx_word' id='word_1_243' title='bbox 448 4670 576 4739; x_wconf 70' lang='lat' dir='ltr'><strong>pittancia</strong></span> <span class='ocrx_word' id='word_1_244' title='bbox 586 4687 682 4732; x_wconf 75' lang='lat' dir='ltr'><strong>sonora,</strong></span> <span class='ocrx_word' id='word_1_245' title='bbox 694 4671 723 4722; x_wconf 90' lang='lat' dir='ltr'><strong>P.</strong></span> <span class='ocrx_word' id='word_1_246' title='bbox 946 4671 975 4720; x_wconf 92' lang='lat' dir='ltr'><strong>B.</strong></span> 
     </span>
     <span class='ocr_line' id='line_1_36' title="bbox 429 4750 622 4812; baseline 0 -10"><span class='ocrx_word' id='word_1_247' title='bbox 429 4750 579 4812; x_wconf 62' lang='lat' dir='ltr'><strong>wimodia,</strong></span> <span class='ocrx_word' id='word_1_248' title='bbox 590 4750 622 4803; x_wconf 83' lang='grc' dir='ltr'><strong>Ρ.</strong></span> 
     </span>
    </p>
   </div>
   <div class='ocr_carea' id='block_1_8' title="bbox 0 0 1766 5802">
    <p class='ocr_par' dir='ltr' id='par_1_19' title="bbox 0 0 1766 5802">
     <span class='ocr_line' id='line_1_37' title="bbox 0 0 1766 5802; baseline 0 3"><span class='ocrx_word' id='word_1_249' title='bbox 0 0 1766 5802; x_wconf 95' lang='lat' dir='ltr'><strong> </strong></span> 
     </span>
    </p>
   </div>
  </div>
 </body>
</html>
