3512 5842
402 810 443 872 62
506 821 689 871 SATIRIOAL
713 821 817 868 POETS
841 821 885 868 OF
909 821 978 868 THE
1000 821 1163 870 'rwant'rfl
1187 822 1354 872 OENTURY.

400 999 418 1028 “
442 993 638 1080 ‘Exoptata
659 995 718 1060 diu
740 993 846 1060 dulcis
869 993 1033 1059 medisina
1054 992 1228 1075 dolorum,1

445 1100 464 1131 “
487 1095 593 1162 ‘Sero
616 1096 694 1162 lieet
716 1096 841 1176 veniat,
863 1102 960 1182 grata
981 1095 1096 1162 venire
1118 1096 1210 1161 solet

401 1205 418 1232 “
442 1198 649 1285 ‘Nunquam
672 1197 770 1265 sera2
792 1199 889 1264 veuit
911 1197 1020 1264 morbi
1041 1199 1207 1264 medicina
1227 1197 1366 1278 cruenti,

350 1331 354 1340 ·
445 1305 464 1334 “
488 1300 670 1380 ‘Quolibet
692 1301 845 1367 antidoto
859 1299 1047 1366 ‘dummodo
1070 1305 1164 1366 curet
1186 1321 1270 1366 eum.

399 1408 416 1436 “
441 1403 549 1484 ‘Quas
571 1403 666 1469 venit
688 1426 731 1469 ex
752 1402 851 1479 facili,
873 1401 966 1568 unffi)
988 1406 1158 1488 praeeunte
1179 1399 1315 1483 labare,³

442 1511 459 1540 ‘⁴
482 1504 603 1571 ‘Ultio
625 1505 747 1586 delicti,
771 1505 897 1570 dulcior
922 1504 929 1518 ’
957 1525 978 1568 a
998 1503 1099 1570 venit

398 1612 415 1638 “
440 1607 577 1672 ‘Laetus
598 1607 640 1672 ab
663 1607 759 1672 hoste
781 1625 855 1671 meo
876 1606 984 1671 vietor
1006 1605 1078 1671 sine
1100 1605 1214 1672 cade*
1234 1603 1411 1691 triumpho,

442 1714 462 1744 “
485 1708 613 1773 ‘Ultus
636 1712 670 1773 et
694 1713 745 1774 est
767 1709 898 1774 animus
921 1729 977 1774 ore
1000 1711 1133 1774 tecente
1155 1728 1237 1775 me0.

398 1815 417 1842 “
442 1809 558 1874 ‘Bella
580 1808 722 1895 gerant⁵
744 1808 811 1889 alii,
835 1809 905 1874 sint
927 1815 1042 1876 nostra
1064 1810 1197 1875 silentia
1218 1809 1322 1890 nobis,

441 1918 458 1945 “
482 1911 594 1976 ‘Voce
616 1910 772 1996 tubisque
794 1909 938 1992 tonent‚⁸
959 1933 1019 1978 nos
1043 1912 1186 1978 tacuisse
1204 1912 1311 1998 juvat

398 2017 415 2044 “
440 2011 535 2092 ‘Quo
557 2012 664 2077 levius
686 2012 782 2077 nobis
804 2013 903 2078 cessit
926 2013 1068 2080 victoria
1091 2014 1179 2094 belli,

442 2119 460 2147 “
483 2113 648 2179 ‘Victoris
670 2118 767 2179 tanto
789 2114 895 2200 gloria
917 2115 1021 2201 major
1043 2115 1114 2180 erit.

395 2223 414 2250 “
438 2215 538 2280 ‘Non
561 2237 646 2302 opus
663 2220 714 2280 est
736 2216 846 2297 armis,
870 2216 930 2280 ubi
952 2238 1020 2282 vox
1043 2237 1218 2304 suppressa
1239 2217 1448 2304 triumphat;

440 2325 459 2352 “
483 2317 572 2397 ‘Qui
597 2317 679 2384 bene
702 2317 888 2383 dissimulat
911 2325 945 2384 et
967 2323 1065 2399 tacet,
1088 2319 1143 2383 ille
1165 2317 1260 2406 sapit.

395 2423 412 2452 “
436 2418 623 2484 ‘Hostibus
646 2441 723 2507 ergo
745 2421 827 2484 meis
849 2419 994 2486 laorimae
1016 2443 1076 2507 pro
1099 2421 1260 2508 sanguine
1281 2420 1418 2499 stillent,

439 2527 457 2555 “
481 2521 659 2586 ‘Vulneris
681 2521 855 2587 obtineant
877 2523 927 2586 ira
949 2523 1105 2609 dolorque
1126 2521 1255 2588 vicem!
1403 2595 1406 2600 ,

394 2628 413 2657 “
437 2623 592 2688 ‘Vulnus
613 2623 702 2688 enim
725 2624 829 2689 cordis
853 2623 945 2688 dolor
967 2629 1026 2704 eet,
1048 2625 1246 2712 graviusque
1268 2624 1396 2711 perurit

439 2732 456 2760 ‘⁸
480 2724 631 2788 ‘Intima
653 2747 752 2810 quam
775 2725 905 2811 gladius
928 2727 1094 2792 exteriora
1116 2735 1211 2795 secat

393 2832 412 2860 “
436 2826 646 2892 ‘Exterioris
668 2827 757 2892 enim
779 2827 864 2892 levis
887 2832 937 2893 est
958 2829 1121 2894 medicina
1143 2828 1273 2906 doloris,

439 2933 456 2964 “
479 2927 568 2993 ‘Sed
590 2929 650 2993 vix
673 2933 733 2994 aut
756 2950 927 3015 nunquam
950 2931 1061 2996 saucia
1083 2931 1182 2998 corda
1204 2931 1327 3018 vigent.

395 3036 413 3064 “
435 3030 570 3096 ‘Serius
593 3031 744 3096 admittit
766 3031 895 3096 animus
918 3033 1036 3097 solatia
1058 3033 1163 3113 laesus,

309 3189 332 3206 a
439 3137 456 3168 “
480 3133 618 3211 ‘Quam
635 3133 846 3198 medicinales
869 3135 979 3199 saucia
1000 3135 1148 3200 membra
1170 3133 1303 3198 manus?

392 3241 409 3269 “
432 3233 501 3298 Vix
523 3255 562 3299 ea
585 3234 673 3300 fatus
696 3241 768 3300 erat
790 3236 906 3322 gallus,
930 3258 1003 3301 cum
1026 3242 1131 3301 morte
1154 3236 1254 3301 soluti

437 3336 653 3402 “Cesserunt
676 3339 801 3424 pariter
823 3338 900 3403 hino
922 3342 1025 3424 pater,
1050 3339 1127 3403 inde
1150 3359 1277 3424 pareus.

393 3445 410 3472 “
433 3439 522 3518 Mox,
545 3445 639 3525 patre
662 3440 825 3518 defunot0,
848 3441 954 3526 patris
977 3445 1028 3506 est
1051 3440 1240 3520 (lundulfus
1262 3441 1304 3506 ob
1326 3441 1398 3507 aede

438 3547 455 3574 “
478 3539 604 3618 Pulsus,
627 3547 661 3606 et
683 3542 830 3606 exterius
853 3543 979 3607 tradita
1001 3548 1074 3608 tota
1096 3544 1220 3608 domus.

389 3649 405 3674 “
429 3639 682 3728 Gundulfusqus
705 3643 811 3722 miser,
834 3665 968 3730 pauper,
992 3645 1171 3727 mendicus,
1194 3650 1229 3711 et
1252 3645 1342 3710 omni
1392 3699 1397 3706 .

436 3748 454 3777 “
476 3744 613 3809 Auxilio
635 3765 768 3824 vaenue,
791 3745 887 3810 cessit
909 3747 952 3812 ab
974 3747 1055 3811 urbe
1078 3747 1196 3833 procul.

391 3851 409 3880 “
433 3844 560 3911 Mansit
581 3845 670 3932 apud
692 3847 814 3919 multos
837 3851 952 3912 tamen
975 3847 1037 3913 hoo
1059 3849 1273 3914 memorabile
1297 3849 1431 3930 factum,

435 3953 454 3983 “
477 3947 615 4034 Hocque
637 3953 747 4036 patres
771 3949 860 4014 natis
883 3971 968 4036 saeps
990 3951 1110 4016 referre
1132 3951 1245 4016 solent.

391 4054 408 4084 “
432 4049 484 4116 Ut
506 4071 666 4116 memores
688 4051 767 4116 facti
789 4051 837 4117 sio
859 4073 893 4117 se
915 4052 1128 4118 moderentur
1150 4052 1281 4139 ubique,

435 4159 453 4188 “
475 4151 529 4216 Ne
551 4153 592 4218 de
614 4159 689 4240 post
711 4151 823 4218 facto8
846 4154 1039 4240 poenituisse
1061 4154 1213 4240 queant.”

422 4469 430 4501 ¹
441 4465 537 4528 dobras,
548 4468 578 4519 P.
971 4468 981 4498 ⁵
992 4477 1088 4532 yenmt,
1098 4469 1129 4520 P.

420 4544 431 4577 ²
442 4563 504 4607 saro,
514 4546 544 4595 P.
968 4545 979 4578 ⁸
990 4555 1090 4610 canant,
1101 4548 1131 4599 P.

421 4623 431 4655 ³
442 4623 530 4687 dolore,
540 4625 571 4674 P.
970 4625 979 4661 ἲ
992 4627 1063 4688 vices,
1074 4627 1106 4676 B.

420 4703 430 4734 ⁴
441 4719 502 4764 aum,
514 4702 579 4764 cedo,
590 4703 621 4752 P,
968 4704 978 4734 ⁸
990 4704 1032 4754 Ne
1044 4705 1098 4755 dein
1107 4707 1274 4769 pausarium,
1286 4707 1315 4756 P.
