3524 5802
449 845 490 908 14
549 839 730 907 summurn
755 853 859 905 roms
882 854 926 902 or
948 854 1018 904 nnn
1041 854 1207 905 rwnnsrn
1231 855 1400 908 onnrunr.

796 1131 981 1222 anama
1004 1131 1154 1202 samaa.

451 1293 513 1360 Oui
536 1292 694 1360 Galienus
716 1292 787 1359 ait:
812 1293 934 1360 “Satis
956 1298 1008 1362 ast
1029 1293 1193 1384 bipedalis
1215 1293 1338 1361 ase110¹

494 1401 512 1431 “
536 1394 659 1474 Gauda,
683 1395 765 1482 quid
788 1395 929 1463 rdterius
951 1395 1069 1483 poscis,
1089 1378 1214 1484 inepte,
1236 1397 1325 1464 tibit

451 1507 468 1534 “
492 1497 620 1564 Sufficit
642 1497 708 1564 ista
730 1497 804 1576 tibi,
826 1519 906 1564 nam
928 1519 995 1586 quo
1017 1499 1208 1586 productior
1229 1503 1323 1580 osset,

496 1607 513 1636 ‘⁴
536 1599 708 1666 Sordidior
728 1599 826 1667 fieret
846 1601 1095 1688 proximiorqus
1116 1601 1196 1670 luto.

451 1711 468 1736 “
492 1703 565 1768 Hao
587 1701 653 1768 nisi
676 1706 852 1769 contentus
874 1702 985 1784 fueris,
1009 1703 1090 1770 dum
1112 1703 1198 1771 forto
1219 1703 1358 1790 requiris

494 1809 513 1840 “
535 1802 735 1892 Prolongaro
756 1804 866 1883 nimis,
889 1803 1099 1872 abbreviabis
1121 1827 1200 1872 eam.

361 1958 363 1964 .
404 1925 406 1930 ·
451 1913 469 1942 ‘¹
493 1905 592 1988 Quod
612 1911 734 1975 natura
755 1905 850 1972 dedit
872 1906 1009 1974 nonsit
1031 1907 1098 1974 tibi
1120 1907 1196 1991 vile,
1219 1907 1276 1974 sad
1298 1907 1382 1974 illud

494 2017 513 2044 “
536 2009 631 2075 Inter
652 2007 789 2075 divitias
811 2008 954 2096 amplius
976 2030 1046 2076 esso
1068 2014 1159 2098 puta

451 2119 469 2147 “
495 2111 598 2178 Orode
620 2109 711 2192 mihi,
735 2115 834 2178 vetus
857 2115 908 2178 est
930 2111 996 2178 tibi
1018 2113 1125 2178 nanda
1146 2111 1310 2178 salubrior
1332 2113 1398 2178 ista

359 2297 363 2303 ν
495 2219 515 2252 “
539 2211 685 2278 Nutibus
707 2213 825 2280 innata
847 2235 947 2301 quam
969 2211 1056 2280 forat
1077 2213 1136 2280 illa
1157 2236 1253 2284 nova.

452 2323 470 2351 “
493 2315 564 2382 Neo
585 2315 694 2403 placet
715 2315 781 2381 isto
802 2319 925 2394 tamon,
947 2314 1006 2382 sed
1026 2315 1149 2383 habero
1171 2317 1263 2406 cupis
1286 2315 1461 2397 meliorem,

496 2425 513 2457 “
536 2418 676 2486 Artibus
699 2422 733 2485 at
755 2417 843 2485 curis
865 2417 968 2483 insita
990 2417 1082 2506 pejor
1104 2418 1177 2486 erit.

451 2527 468 2558 “
491 2521 557 2588 Sed
579 2543 685 2607 nequo
707 2521 748 2586 da
770 2519 861 2586 facili
883 2524 993 2608 posset
1015 2542 1104 2587 nova
1126 2520 1232 2587 cauda
1253 2522 1365 2604 meari,
1505 2533 1506 2536 ’

495 2634 513 2662 “
536 2623 696 2705 Quamvis
720 2621 872 2708 deposita
895 2623 999 2688 cauda
1021 2627 1157 2688 vetusta
1178 2621 1274 2693 foret.

451 2733 469 2764 “
493 2725 574 2792 Vita
595 2723 716 2804 brevis,
739 2722 873 2790 morbus
894 2723 1007 2811 gravis
1029 2727 1089 2807 ast,
1113 2727 1148 2790 st
1170 2729 1302 2814 tempus
1324 2729 1468 2807 acutum,

496 2835 514 2864 “
536 2827 602 2892 Ars
625 2831 676 2892 est
696 2825 797 2913 longa
818 2823 942 2908 nimis;
971 2825 1088 2892 abdita
1111 2849 1209 2894 causa
1231 2825 1336 2895 latet*

452 2939 469 2966 “
492 2928 649 2994 Difficiles
671 2949 758 2994 ourae
780 2926 930 3009 nimium,
953 2927 1012 2994 sed
1034 2933 1069 2996 et
1092 2931 1319 3017 experimenta

494 3038 513 3069 “
536 3033 614 3118 Ipsa
636 3052 712 3096 suos
733 3029 876 3095 medicos
898 3029 1010 3096 fallare
1033 3051 1119 3118 saeps
1141 3031 1258 3099 solent.

450 3142 468 3169 “
490 3133 590 3201 Certa
611 3130 733 3220 pericla
754 3135 899 3208 manent,
915 3132 1118 3198 medicorum
1140 3133 1297 3220 dogmata
1319 3157 1388 3202 non
1410 3140 1488 3201 sunt

494 3244 512 3273 “
535 3234 654 3317 Qualia
675 3237 715 3300 tu
737 3233 849 3313 eredis,
872 3233 986 3320 qualia
1008 3233 1147 3321 quisque
1169 3241 1277 3322 putat.

450 3345 467 3376 “
490 3338 556 3406 Sed
578 3359 684 3425 noque
706 3337 753 3404 sio
775 3335 896 3424 passim
919 3341 1057 3423 praestat
1076 3336 1241 3404 medicina
1260 3338 1423 3421 salutem,-

494 3449 512 3478 ‘⁴
536 3441 696 3522 Quamvis
719 3438 900 3505 distribuad
922 3441 995 3506 arta
1017 3438 1145 3527 peritus
1167 3461 1247 3510 sam.

448 3551 465 3580 “
489 3543 617 3609 Pendet
639 3542 676 3606 in
698 3539 854 3626 ambiguo
876 3540 984 3608 morbi
1006 3541 1178 3624 medicina,
1202 3543 1346 3609 dolorem

495 3654 511 3682 “
534 3643 688 3731 Impedit,
711 3646 812 3728 atque
834 3642 924 3731 parit
945 3643 1135 3712 conditione
1157 3645 1238 3733 pari.

330 3785 331 3788 κ
450 3755 468 3784 “
492 3746 576 3830 Quae
597 3749 738 3834 prosunt
759 3744 834 3810 aliis
856 3744 930 3812 aliis
952 3747 1104 3814 nocuisse
1125 3749 1320 3836 probantur,

493 3855 511 3887 “
533 3847 612 3915 Non
634 3853 685 3916 est
705 3847 742 3912 in
765 3847 891 3914 medieo
914 3870 1014 3936 quam
1037 3851 1131 3938 cupit
1152 3873 1240 3940 aeger
1263 3848 1355 3938 opia8

451 3957 468 3987 “
492 3950 977 4142 ttttffidtttts't
996 3952 1427 4124 ppifflmaa

482 4372 491 4406 ¹
502 4371 583 4437 melle,
593 4371 624 4425 P.
1029 4370 1059 4420 Si
1072 4377 1120 4422 tres
1131 4369 1247 4436 evadunt,
1257 4377 1346 4437 septos
1358 4367 1418 4421 dant
1435 4367 1497 4420 oolla

479 4451 538 4505 ²1³.
565 4453 612 4503 has
639 4451 699 4504 here
729 4449 879 4502 introduced
906 4449 950 4500 the
1093 4451 1179 4502 raim.

447 4530 575 4596 following
586 4530 692 4596 conplet,
703 4529 787 4581 whioh
798 4530 821 4582 is
832 4527 949 4580 foundtn
1026 4574 1037 4608 ³

446 4623 513 4662 nona
524 4609 553 4660 oi
561 4624 607 4660 our
616 4609 803 4676 manusoriptsr
1048 4591 1123 4642 ‘’pm''
1135 4575 1167 4628 B·

482 4685 578 4738 Cotidie
587 4685 685 4753 saltant
702 4705 745 4739 arr
756 4695 780 4739 et
795 4687 886 4754 proris
902 4703 949 4737 me-
1026 4683 1097 4751 ⁴ille,
1107 4685 1139 4737 B.

545 4765 649 4823 dioinoef
970 4769 971 4782 ¹
