<?xml version="1.0" encoding="UTF-8"?>
<!DOCTYPE html PUBLIC "-//W3C//DTD XHTML 1.0 Transitional//EN"
    "http://www.w3.org/TR/xhtml1/DTD/xhtml1-transitional.dtd">
<html xmlns="http://www.w3.org/1999/xhtml" xml:lang="en" lang="en">
 <head>
  <title>
</title>
<meta http-equiv="Content-Type" content="text/html;charset=utf-8" />
  <meta name='ocr-system' content='tesseract 3.04.00' />
  <meta name='ocr-capabilities' content='ocr_page ocr_carea ocr_par ocr_line ocrx_word'/>
</head>
<body>
  <div class='ocr_page' id='page_1' title='image "anglolatinsatir00wriggoog_0045.png"; bbox 0 0 3524 5802; ppageno 0'>
   <div class='ocr_carea' id='block_1_1' title="bbox 545 965 1362 1037">
    <p class='ocr_par' dir='ltr' id='par_1_1' title="bbox 545 965 1362 1037">
     <span class='ocr_line' id='line_1_1' title="bbox 545 965 1362 1037; baseline 0.007 -6"><span class='ocrx_word' id='word_1_1' title='bbox 545 978 688 1031; x_wconf 82' lang='lat' dir='ltr'>urernrn</span> <span class='ocrx_word' id='word_1_2' title='bbox 711 978 892 1032; x_wconf 73' lang='grc' dir='ltr'>εεεθυεθε</span> <span class='ocrx_word' id='word_1_3' title='bbox 915 979 1129 1032; x_wconf 85' lang='lat' dir='ltr'>srunroauu.</span> <span class='ocrx_word' id='word_1_4' title='bbox 1340 965 1362 1037; x_wconf 82' lang='lat'>7</span> 
     </span>
    </p>
   </div>
   <div class='ocr_carea' id='block_1_2' title="bbox 227 1153 1361 2056">
    <p class='ocr_par' dir='ltr' id='par_1_2' title="bbox 227 1153 1361 2056">
     <span class='ocr_line' id='line_1_2' title="bbox 314 1153 1361 1243; baseline 0 -20"><span class='ocrx_word' id='word_1_5' title='bbox 314 1155 411 1224; x_wconf 88' lang='lat' dir='ltr'>Unde</span> <span class='ocrx_word' id='word_1_6' title='bbox 457 1154 494 1222; x_wconf 92' lang='lat' dir='ltr'>in</span> <span class='ocrx_word' id='word_1_7' title='bbox 540 1160 689 1242; x_wconf 89' lang='lat' dir='ltr'>tempore</span> <span class='ocrx_word' id='word_1_8' title='bbox 726 1153 890 1243; x_wconf 73' lang='lat' dir='ltr'>angustiae</span> <span class='ocrx_word' id='word_1_9' title='bbox 928 1175 996 1220; x_wconf 93' lang='lat' dir='ltr'>non</span> <span class='ocrx_word' id='word_1_10' title='bbox 1033 1155 1199 1236; x_wconf 85' lang='lat' dir='ltr'>immerito</span> <span class='ocrx_word' id='word_1_11' title='bbox 1237 1155 1361 1223; x_wconf 88' lang='lat' dir='ltr'>cadunt</span> 
     </span>
     <span class='ocr_line' id='line_1_3' title="bbox 308 1256 1360 1344; baseline 0.001 -22"><span class='ocrx_word' id='word_1_12' title='bbox 308 1263 387 1324; x_wconf 86' lang='lat' dir='ltr'>ante</span> <span class='ocrx_word' id='word_1_13' title='bbox 408 1256 526 1324; x_wconf 88' lang='lat' dir='ltr'>faciem</span> <span class='ocrx_word' id='word_1_14' title='bbox 548 1256 788 1344; x_wconf 85' lang='lat' dir='ltr'>subsequentis,</span> <span class='ocrx_word' id='word_1_15' title='bbox 804 1257 984 1323; x_wconf 88' lang='lat' dir='ltr'>amicorum</span> <span class='ocrx_word' id='word_1_16' title='bbox 1006 1256 1162 1324; x_wconf 88' lang='lat' dir='ltr'>destituti</span> <span class='ocrx_word' id='word_1_17' title='bbox 1185 1257 1360 1344; x_wconf 89' lang='lat' dir='ltr'>adjutorio,</span> 
     </span>
     <span class='ocr_line' id='line_1_4' title="bbox 227 1353 1361 1447; baseline 0.001 -21"><span class='ocrx_word' id='word_1_18' title='bbox 227 1353 229 1358; x_wconf 70' lang='grc'><strong>’</strong></span> <span class='ocrx_word' id='word_1_19' title='bbox 307 1360 365 1447; x_wconf 92' lang='lat' dir='ltr'>qui</span> <span class='ocrx_word' id='word_1_20' title='bbox 387 1361 567 1428; x_wconf 87' lang='lat' dir='ltr'>noluerunt</span> <span class='ocrx_word' id='word_1_21' title='bbox 599 1359 764 1428; x_wconf 85' lang='lat' dir='ltr'>moderari</span> <span class='ocrx_word' id='word_1_22' title='bbox 784 1360 880 1446; x_wconf 73' lang='lat' dir='ltr'>&#39;quid</span> <span class='ocrx_word' id='word_1_23' title='bbox 901 1359 1048 1426; x_wconf 81' lang='lat' dir='ltr'>fecerent</span> <span class='ocrx_word' id='word_1_24' title='bbox 1082 1360 1119 1425; x_wconf 92' lang='lat' dir='ltr'>in</span> <span class='ocrx_word' id='word_1_25' title='bbox 1150 1361 1261 1426; x_wconf 87' lang='lat' dir='ltr'>furore</span> <span class='ocrx_word' id='word_1_26' title='bbox 1291 1382 1361 1428; x_wconf 86' lang='lat' dir='ltr'>sue.</span> 
     </span>
     <span class='ocr_line' id='line_1_5' title="bbox 307 1447 1360 1552; baseline 0.002 -24"><span class='ocrx_word' id='word_1_27' title='bbox 307 1447 511 1530; x_wconf 75' lang='lat' dir='ltr'>Alii&#39;sunc1</span> <span class='ocrx_word' id='word_1_28' title='bbox 549 1462 608 1550; x_wconf 88' lang='lat' dir='ltr'>qui</span> <span class='ocrx_word' id='word_1_29' title='bbox 644 1461 817 1529; x_wconf 88' lang='lat' dir='ltr'>maturiori</span> <span class='ocrx_word' id='word_1_30' title='bbox 854 1466 1017 1551; x_wconf 84' lang='lat' dir='ltr'>reguntur</span> <span class='ocrx_word' id='word_1_31' title='bbox 1057 1463 1201 1545; x_wconf 87' lang='lat' dir='ltr'>consilio,</span> <span class='ocrx_word' id='word_1_32' title='bbox 1239 1463 1360 1552; x_wconf 86' lang='lat' dir='ltr'>spiritu</span> 
     </span>
     <span class='ocr_line' id='line_1_6' title="bbox 307 1565 1360 1653; baseline -0.002 -21"><span class='ocrx_word' id='word_1_33' title='bbox 307 1565 479 1653; x_wconf 77' lang='lat' dir='ltr'>sapientise</span> <span class='ocrx_word' id='word_1_34' title='bbox 502 1570 536 1632; x_wconf 90' lang='grc' dir='ltr'>θὴ</span> <span class='ocrx_word' id='word_1_35' title='bbox 565 1565 765 1648; x_wconf 86' lang='lat' dir='ltr'>intellectus,</span> <span class='ocrx_word' id='word_1_36' title='bbox 787 1566 825 1631; x_wconf 93' lang='lat' dir='ltr'>in</span> <span class='ocrx_word' id='word_1_37' title='bbox 848 1565 1016 1632; x_wconf 74' lang='lat' dir='ltr'>anteriora</span> <span class='ocrx_word' id='word_1_38' title='bbox 1039 1567 1177 1645; x_wconf 88' lang='lat' dir='ltr'>extensi,</span> <span class='ocrx_word' id='word_1_39' title='bbox 1201 1570 1244 1644; x_wconf 88' lang='grc' dir='ltr'>θὴ,</span> <span class='ocrx_word' id='word_1_40' title='bbox 1271 1566 1360 1652; x_wconf 92' lang='lat' dir='ltr'>quod</span> 
     </span>
     <span class='ocr_line' id='line_1_7' title="bbox 306 1667 1359 1756; baseline 0.001 -24"><span class='ocrx_word' id='word_1_41' title='bbox 306 1668 451 1736; x_wconf 78' lang='lat' dir='ltr'>maxime</span> <span class='ocrx_word' id='word_1_42' title='bbox 481 1668 669 1756; x_wconf 73' lang='lat' dir='ltr'>prudentiae</span> <span class='ocrx_word' id='word_1_43' title='bbox 703 1672 762 1748; x_wconf 87' lang='grc' dir='ltr'>θεὴ,</span> <span class='ocrx_word' id='word_1_44' title='bbox 798 1667 955 1736; x_wconf 87' lang='lat' dir='ltr'>fortuitos</span> <span class='ocrx_word' id='word_1_45' title='bbox 987 1689 1080 1734; x_wconf 87' lang='lat' dir='ltr'>casus</span> <span class='ocrx_word' id='word_1_46' title='bbox 1111 1668 1359 1756; x_wconf 81' lang='lat' dir='ltr'>inopinatorum</span> 
     </span>
     <span class='ocr_line' id='line_1_8' title="bbox 306 1768 1359 1858; baseline 0 -22"><span class='ocrx_word' id='word_1_47' title='bbox 306 1768 516 1837; x_wconf 65' lang='lat' dir='ltr'>metiuntur2</span> <span class='ocrx_word' id='word_1_48' title='bbox 540 1774 731 1848; x_wconf 82' lang='lat' dir='ltr'>eventuum,</span> <span class='ocrx_word' id='word_1_49' title='bbox 754 1770 813 1858; x_wconf 89' lang='lat' dir='ltr'>qui</span> <span class='ocrx_word' id='word_1_50' title='bbox 844 1771 881 1836; x_wconf 93' lang='lat' dir='ltr'>in</span> <span class='ocrx_word' id='word_1_51' title='bbox 913 1769 1025 1857; x_wconf 84' lang='lat' dir='ltr'>aliquo</span> <span class='ocrx_word' id='word_1_52' title='bbox 1047 1769 1167 1836; x_wconf 84' lang='lat' dir='ltr'>leviter</span> <span class='ocrx_word' id='word_1_53' title='bbox 1198 1791 1257 1838; x_wconf 89' lang='lat' dir='ltr'>seu</span> <span class='ocrx_word' id='word_1_54' title='bbox 1285 1793 1359 1858; x_wconf 86' lang='lat' dir='ltr'>gra-</span> 
     </span>
     <span class='ocr_line' id='line_1_9' title="bbox 307 1870 1361 1960; baseline -0.001 -22"><span class='ocrx_word' id='word_1_55' title='bbox 307 1873 395 1938; x_wconf 88' lang='lat' dir='ltr'>viter</span> <span class='ocrx_word' id='word_1_56' title='bbox 418 1877 550 1960; x_wconf 80' lang='lat' dir='ltr'>possent</span> <span class='ocrx_word' id='word_1_57' title='bbox 582 1870 740 1954; x_wconf 74' lang='lat' dir='ltr'>noccre;8</span> <span class='ocrx_word' id='word_1_58' title='bbox 772 1871 857 1939; x_wconf 93' lang='lat' dir='ltr'>illud</span> <span class='ocrx_word' id='word_1_59' title='bbox 878 1871 1038 1960; x_wconf 85' lang='lat' dir='ltr'>sapientis</span> <span class='ocrx_word' id='word_1_60' title='bbox 1060 1893 1129 1959; x_wconf 83' lang='lat' dir='ltr'>prae</span> <span class='ocrx_word' id='word_1_61' title='bbox 1152 1871 1253 1939; x_wconf 90' lang='lat' dir='ltr'>oculis</span> <span class='ocrx_word' id='word_1_62' title='bbox 1275 1873 1361 1938; x_wconf 89' lang='lat' dir='ltr'>inte-</span> 
     </span>
     <span class='ocr_line' id='line_1_10' title="bbox 307 1973 699 2056; baseline 0.003 -17"><span class='ocrx_word' id='word_1_63' title='bbox 307 1973 448 2041; x_wconf 85' lang='lat' dir='ltr'>rioribus</span> <span class='ocrx_word' id='word_1_64' title='bbox 471 1973 699 2056; x_wconf 64' lang='lat' dir='ltr'>habentes-⁴</span> 
     </span>
    </p>
   </div>
   <div class='ocr_carea' id='block_1_3' title="bbox 396 2147 1228 2232">
    <p class='ocr_par' dir='ltr' id='par_1_3' title="bbox 396 2147 1228 2232">
     <span class='ocr_line' id='line_1_11' title="bbox 396 2147 1228 2232; baseline 0.005 -18"><span class='ocrx_word' id='word_1_65' title='bbox 396 2152 463 2217; x_wconf 84' lang='lat' dir='ltr'>“A</span> <span class='ocrx_word' id='word_1_66' title='bbox 485 2171 562 2218; x_wconf 82' lang='lat' dir='ltr'>orsu</span> <span class='ocrx_word' id='word_1_67' title='bbox 584 2149 731 2218; x_wconf 88' lang='lat' dir='ltr'>describe</span> <span class='ocrx_word' id='word_1_68' title='bbox 752 2148 849 2232; x_wconf 88' lang='lat' dir='ltr'>diem,</span> <span class='ocrx_word' id='word_1_69' title='bbox 873 2170 941 2218; x_wconf 91' lang='lat' dir='ltr'>non</span> <span class='ocrx_word' id='word_1_70' title='bbox 963 2149 1040 2217; x_wconf 87' lang='lat' dir='ltr'>solis</span> <span class='ocrx_word' id='word_1_71' title='bbox 1061 2147 1105 2218; x_wconf 86' lang='lat' dir='ltr'>ab</span> <span class='ocrx_word' id='word_1_72' title='bbox 1126 2149 1228 2230; x_wconf 90' lang='lat' dir='ltr'>ortu,”</span> 
     </span>
    </p>
   </div>
   <div class='ocr_carea' id='block_1_4' title="bbox 269 2319 1363 4141">
    <p class='ocr_par' dir='ltr' id='par_1_4' title="bbox 269 2319 1363 4141">
     <span class='ocr_line' id='line_1_12' title="bbox 306 2319 1361 2409; baseline 0.001 -26"><span class='ocrx_word' id='word_1_73' title='bbox 306 2324 375 2384; x_wconf 85' lang='lat' dir='ltr'>non</span> <span class='ocrx_word' id='word_1_74' title='bbox 411 2321 621 2387; x_wconf 86' lang='lat' dir='ltr'>attendentes</span> <span class='ocrx_word' id='word_1_75' title='bbox 657 2321 774 2388; x_wconf 88' lang='lat' dir='ltr'>faciem</span> <span class='ocrx_word' id='word_1_76' title='bbox 807 2319 995 2409; x_wconf 78' lang='lat' dir='ltr'>scorpionis,</span> <span class='ocrx_word' id='word_1_77' title='bbox 1029 2320 1087 2386; x_wconf 89' lang='lat' dir='ltr'>sed</span> <span class='ocrx_word' id='word_1_78' title='bbox 1119 2320 1266 2387; x_wconf 85' lang='lat' dir='ltr'>caudam.</span> <span class='ocrx_word' id='word_1_79' title='bbox 1313 2319 1361 2384; x_wconf 88' lang='lat' dir='ltr'>Hi</span> 
     </span>
     <span class='ocr_line' id='line_1_13' title="bbox 307 2421 1362 2510; baseline 0.003 -26"><span class='ocrx_word' id='word_1_80' title='bbox 307 2425 388 2486; x_wconf 87' lang='lat' dir='ltr'>sunt</span> <span class='ocrx_word' id='word_1_81' title='bbox 424 2421 484 2508; x_wconf 88' lang='lat' dir='ltr'>qui</span> <span class='ocrx_word' id='word_1_82' title='bbox 515 2422 552 2486; x_wconf 91' lang='lat' dir='ltr'>in</span> <span class='ocrx_word' id='word_1_83' title='bbox 583 2421 730 2488; x_wconf 77' lang='lat' dir='ltr'>adramis</span> <span class='ocrx_word' id='word_1_84' title='bbox 762 2421 930 2509; x_wconf 85' lang='lat' dir='ltr'>patienter</span> <span class='ocrx_word' id='word_1_85' title='bbox 964 2421 1210 2508; x_wconf 89' lang='lat' dir='ltr'>impatientium</span> <span class='ocrx_word' id='word_1_86' title='bbox 1241 2422 1362 2510; x_wconf 91' lang='lat' dir='ltr'>impul-</span> 
     </span>
     <span class='ocr_line' id='line_1_14' title="bbox 309 2521 1363 2610; baseline 0.005 -24"><span class='ocrx_word' id='word_1_87' title='bbox 309 2521 441 2587; x_wconf 80' lang='lat' dir='ltr'>sionce⁵</span> <span class='ocrx_word' id='word_1_88' title='bbox 463 2523 618 2600; x_wconf 87' lang='lat' dir='ltr'>tolerant,</span> <span class='ocrx_word' id='word_1_89' title='bbox 641 2523 699 2610; x_wconf 89' lang='lat' dir='ltr'>qui</span> <span class='ocrx_word' id='word_1_90' title='bbox 720 2523 872 2589; x_wconf 86' lang='lat' dir='ltr'>beneficii</span> <span class='ocrx_word' id='word_1_91' title='bbox 894 2522 1042 2610; x_wconf 85' lang='lat' dir='ltr'>ingratos</span> <span class='ocrx_word' id='word_1_92' title='bbox 1071 2523 1190 2588; x_wconf 89' lang='lat' dir='ltr'>humili</span> <span class='ocrx_word' id='word_1_93' title='bbox 1212 2529 1363 2610; x_wconf 83' lang='lat' dir='ltr'>expecta·</span> 
     </span>
     <span class='ocr_line' id='line_1_15' title="bbox 309 2621 1361 2712; baseline 0.004 -24"><span class='ocrx_word' id='word_1_94' title='bbox 309 2625 400 2689; x_wconf 88' lang='lat' dir='ltr'>tione</span> <span class='ocrx_word' id='word_1_95' title='bbox 422 2625 466 2691; x_wconf 89' lang='lat' dir='ltr'>ad</span> <span class='ocrx_word' id='word_1_96' title='bbox 496 2621 712 2692; x_wconf 77' lang='lat' dir='ltr'>memoriam⁸</span> <span class='ocrx_word' id='word_1_97' title='bbox 737 2625 942 2691; x_wconf 86' lang='lat' dir='ltr'>immemores</span> <span class='ocrx_word' id='word_1_98' title='bbox 974 2628 1138 2706; x_wconf 89' lang='lat' dir='ltr'>revocant,</span> <span class='ocrx_word' id='word_1_99' title='bbox 1162 2626 1220 2712; x_wconf 90' lang='lat' dir='ltr'>qui</span> <span class='ocrx_word' id='word_1_100' title='bbox 1251 2648 1361 2692; x_wconf 89' lang='lat' dir='ltr'>rerum</span> 
     </span>
     <span class='ocr_line' id='line_1_16' title="bbox 310 2725 1362 2816; baseline 0.002 -24"><span class='ocrx_word' id='word_1_101' title='bbox 310 2726 420 2793; x_wconf 84' lang='lat' dir='ltr'>exitus</span> <span class='ocrx_word' id='word_1_102' title='bbox 442 2728 516 2814; x_wconf 91' lang='lat' dir='ltr'>plus</span> <span class='ocrx_word' id='word_1_103' title='bbox 539 2747 638 2813; x_wconf 88' lang='lat' dir='ltr'>quam</span> <span class='ocrx_word' id='word_1_104' title='bbox 668 2725 831 2816; x_wconf 87' lang='lat' dir='ltr'>principia</span> <span class='ocrx_word' id='word_1_105' title='bbox 864 2725 1060 2813; x_wconf 89' lang='lat' dir='ltr'>ponderant.</span> <span class='ocrx_word' id='word_1_106' title='bbox 1104 2725 1153 2792; x_wconf 85' lang='lat' dir='ltr'>Hi</span> <span class='ocrx_word' id='word_1_107' title='bbox 1184 2731 1264 2794; x_wconf 87' lang='lat' dir='ltr'>sunt</span> <span class='ocrx_word' id='word_1_108' title='bbox 1294 2729 1362 2814; x_wconf 89' lang='lat' dir='ltr'>qui,</span> 
     </span>
     <span class='ocr_line' id='line_1_17' title="bbox 309 2827 1361 2912; baseline 0.002 -18"><span class='ocrx_word' id='word_1_109' title='bbox 309 2827 417 2894; x_wconf 69' lang='lat' dir='ltr'>metiri</span> <span class='ocrx_word' id='word_1_110' title='bbox 439 2829 577 2895; x_wconf 87' lang='lat' dir='ltr'>fervoris</span> <span class='ocrx_word' id='word_1_111' title='bbox 598 2851 665 2896; x_wconf 92' lang='lat' dir='ltr'>non</span> <span class='ocrx_word' id='word_1_112' title='bbox 687 2830 902 2910; x_wconf 88' lang='lat' dir='ltr'>immemores,</span> <span class='ocrx_word' id='word_1_113' title='bbox 926 2829 1064 2894; x_wconf 85' lang='lat' dir='ltr'>caudam</span> <span class='ocrx_word' id='word_1_114' title='bbox 1090 2851 1185 2895; x_wconf 88' lang='lat' dir='ltr'>suam</span> <span class='ocrx_word' id='word_1_115' title='bbox 1218 2835 1361 2912; x_wconf 86' lang='lat' dir='ltr'>servant,</span> 
     </span>
     <span class='ocr_line' id='line_1_18' title="bbox 308 2929 1362 3018; baseline 0.003 -22"><span class='ocrx_word' id='word_1_116' title='bbox 308 2934 347 2996; x_wconf 93' lang='lat' dir='ltr'>ut</span> <span class='ocrx_word' id='word_1_117' title='bbox 369 2951 496 2997; x_wconf 86' lang='lat' dir='ltr'>muscas</span> <span class='ocrx_word' id='word_1_118' title='bbox 518 2929 656 3018; x_wconf 84' lang='lat' dir='ltr'>abigant</span> <span class='ocrx_word' id='word_1_119' title='bbox 671 2935 706 2997; x_wconf 90' lang='lat' dir='ltr'>et</span> <span class='ocrx_word' id='word_1_120' title='bbox 729 2930 865 2998; x_wconf 87' lang='lat' dir='ltr'>elidant.</span> <span class='ocrx_word' id='word_1_121' title='bbox 912 2929 1027 2996; x_wconf 78' lang='lat' dir='ltr'>Gauda</span> <span class='ocrx_word' id='word_1_122' title='bbox 1042 2935 1190 2997; x_wconf 87' lang='lat' dir='ltr'>extrema</span> <span class='ocrx_word' id='word_1_123' title='bbox 1211 2953 1288 3018; x_wconf 90' lang='lat' dir='ltr'>pars</span> <span class='ocrx_word' id='word_1_124' title='bbox 1311 2937 1362 2999; x_wconf 89' lang='lat' dir='ltr'>est</span> 
     </span>
     <span class='ocr_line' id='line_1_19' title="bbox 307 3030 1362 3119; baseline 0.003 -21"><span class='ocrx_word' id='word_1_125' title='bbox 307 3033 460 3119; x_wconf 88' lang='lat' dir='ltr'>corporis,</span> <span class='ocrx_word' id='word_1_126' title='bbox 484 3054 558 3119; x_wconf 83' lang='lat' dir='ltr'>quae</span> <span class='ocrx_word' id='word_1_127' title='bbox 581 3032 734 3099; x_wconf 88' lang='lat' dir='ltr'>omnibus</span> <span class='ocrx_word' id='word_1_128' title='bbox 756 3030 934 3098; x_wconf 70' lang='lat' dir='ltr'>membris&#39;l</span> <span class='ocrx_word' id='word_1_129' title='bbox 955 3033 1136 3100; x_wconf 89' lang='lat' dir='ltr'>necessaria</span> <span class='ocrx_word' id='word_1_130' title='bbox 1158 3038 1209 3099; x_wconf 99' lang='grc' dir='ltr'>θεὴ</span> <span class='ocrx_word' id='word_1_131' title='bbox 1238 3034 1275 3099; x_wconf 91' lang='lat' dir='ltr'>in</span> <span class='ocrx_word' id='word_1_132' title='bbox 1309 3035 1362 3101; x_wconf 90' lang='lat' dir='ltr'>die</span> 
     </span>
     <span class='ocr_line' id='line_1_20' title="bbox 308 3133 1361 3222; baseline 0.006 -24"><span class='ocrx_word' id='word_1_133' title='bbox 308 3133 534 3202; x_wconf 87' lang='lat' dir='ltr'>incalescentis</span> <span class='ocrx_word' id='word_1_134' title='bbox 566 3135 711 3202; x_wconf 83' lang='lat' dir='ltr'>fervoris.</span> <span class='ocrx_word' id='word_1_135' title='bbox 768 3134 882 3202; x_wconf 77' lang='lat' dir='ltr'>Gauda</span> <span class='ocrx_word' id='word_1_136' title='bbox 912 3135 1055 3222; x_wconf 88' lang='lat' dir='ltr'>corporis</span> <span class='ocrx_word' id='word_1_137' title='bbox 1087 3139 1137 3202; x_wconf 89' lang='lat' dir='ltr'>est</span> <span class='ocrx_word' id='word_1_138' title='bbox 1169 3135 1247 3202; x_wconf 87' lang='lat' dir='ltr'>finis</span> <span class='ocrx_word' id='word_1_139' title='bbox 1279 3137 1361 3204; x_wconf 84' lang='lat' dir='ltr'>vitae</span> 
     </span>
     <span class='ocr_line' id='line_1_21' title="bbox 307 3235 1362 3325; baseline 0.002 -21"><span class='ocrx_word' id='word_1_140' title='bbox 307 3237 489 3324; x_wconf 74' lang='lat' dir='ltr'>prasentia,</span> <span class='ocrx_word' id='word_1_141' title='bbox 519 3235 631 3304; x_wconf 75' lang='lat' dir='ltr'>hunc⁸</span> <span class='ocrx_word' id='word_1_142' title='bbox 665 3238 722 3325; x_wconf 89' lang='lat' dir='ltr'>qui</span> <span class='ocrx_word' id='word_1_143' title='bbox 753 3237 877 3305; x_wconf 91' lang='lat' dir='ltr'>bonum</span> <span class='ocrx_word' id='word_1_144' title='bbox 911 3237 993 3303; x_wconf 83' lang='lat' dir='ltr'>facit</span> <span class='ocrx_word' id='word_1_145' title='bbox 1030 3241 1064 3304; x_wconf 86' lang='lat' dir='ltr'>et</span> <span class='ocrx_word' id='word_1_146' title='bbox 1100 3239 1183 3303; x_wconf 91' lang='lat' dir='ltr'>bene</span> <span class='ocrx_word' id='word_1_147' title='bbox 1217 3239 1362 3306; x_wconf 85' lang='lat' dir='ltr'>custodit</span> 
     </span>
     <span class='ocr_line' id='line_1_22' title="bbox 308 3338 1361 3420; baseline 0.003 -15"><span class='ocrx_word' id='word_1_148' title='bbox 308 3361 444 3420; x_wconf 87' lang='lat' dir='ltr'>muscas,</span> <span class='ocrx_word' id='word_1_149' title='bbox 459 3341 496 3406; x_wconf 92' lang='lat' dir='ltr'>id</span> <span class='ocrx_word' id='word_1_150' title='bbox 517 3343 568 3406; x_wconf 85' lang='grc' dir='ltr'>θεὴ</span> <span class='ocrx_word' id='word_1_151' title='bbox 590 3341 777 3407; x_wconf 76' lang='lat' dir='ltr'>daemonum</span> <span class='ocrx_word' id='word_1_152' title='bbox 798 3338 945 3416; x_wconf 87' lang='lat' dir='ltr'>insidias,</span> <span class='ocrx_word' id='word_1_153' title='bbox 960 3339 998 3404; x_wconf 92' lang='lat' dir='ltr'>in</span> <span class='ocrx_word' id='word_1_154' title='bbox 1020 3339 1075 3406; x_wconf 91' lang='lat' dir='ltr'>die</span> <span class='ocrx_word' id='word_1_155' title='bbox 1097 3340 1243 3420; x_wconf 85' lang='lat' dir='ltr'>fervoris,</span> <span class='ocrx_word' id='word_1_156' title='bbox 1260 3341 1361 3408; x_wconf 91' lang='lat' dir='ltr'>immo</span> 
     </span>
     <span class='ocr_line' id='line_1_23' title="bbox 308 3439 1362 3524; baseline 0.002 -16"><span class='ocrx_word' id='word_1_157' title='bbox 308 3439 451 3524; x_wconf 73' lang='lat' dir='ltr'>furoris,⁹</span> <span class='ocrx_word' id='word_1_158' title='bbox 481 3441 606 3508; x_wconf 84' lang='lat' dir='ltr'>scilicet</span> <span class='ocrx_word' id='word_1_159' title='bbox 628 3441 666 3505; x_wconf 91' lang='lat' dir='ltr'>in</span> <span class='ocrx_word' id='word_1_160' title='bbox 687 3441 741 3507; x_wconf 89' lang='lat' dir='ltr'>die</span> <span class='ocrx_word' id='word_1_161' title='bbox 763 3439 898 3521; x_wconf 87' lang='lat' dir='ltr'>Judicii,</span> <span class='ocrx_word' id='word_1_162' title='bbox 921 3441 1152 3508; x_wconf 82' lang='lat' dir='ltr'>nontimebit</span> <span class='ocrx_word' id='word_1_163' title='bbox 1199 3442 1260 3510; x_wconf 88' lang='lat' dir='ltr'>Ille</span> <span class='ocrx_word' id='word_1_164' title='bbox 1282 3465 1362 3510; x_wconf 87' lang='lat' dir='ltr'>vero</span> 
     </span>
     <span class='ocr_line' id='line_1_24' title="bbox 309 3539 1362 3632; baseline 0.002 -23"><span class='ocrx_word' id='word_1_165' title='bbox 309 3543 376 3632; x_wconf 91' lang='lat' dir='ltr'>qui,</span> <span class='ocrx_word' id='word_1_166' title='bbox 400 3549 547 3631; x_wconf 90' lang='lat' dir='ltr'>tempore</span> <span class='ocrx_word' id='word_1_167' title='bbox 579 3541 706 3628; x_wconf 84' lang='lat' dir='ltr'>hiemis,</span> <span class='ocrx_word' id='word_1_168' title='bbox 727 3541 764 3606; x_wconf 92' lang='lat' dir='ltr'>id</span> <span class='ocrx_word' id='word_1_169' title='bbox 789 3546 840 3608; x_wconf 89' lang='lat' dir='ltr'>est</span> <span class='ocrx_word' id='word_1_170' title='bbox 872 3540 972 3628; x_wconf 90' lang='lat' dir='ltr'>hujus</span> <span class='ocrx_word' id='word_1_171' title='bbox 1003 3541 1084 3608; x_wconf 82' lang='lat' dir='ltr'>vitae</span> <span class='ocrx_word' id='word_1_172' title='bbox 1098 3539 1124 3582; x_wconf 84' lang='lat'>¹⁰</span> <span class='ocrx_word' id='word_1_173' title='bbox 1149 3541 1362 3632; x_wconf 78' lang='lat' dir='ltr'>frigescentis,</span> 
     </span>
     <span class='ocr_line' id='line_1_25' title="bbox 310 3640 1362 3733; baseline 0 -20"><span class='ocrx_word' id='word_1_174' title='bbox 310 3646 450 3714; x_wconf 84' lang='lat' dir='ltr'>caudam</span> <span class='ocrx_word' id='word_1_175' title='bbox 476 3643 659 3724; x_wconf 82' lang='lat' dir='ltr'>absciderit,</span> <span class='ocrx_word' id='word_1_176' title='bbox 682 3640 719 3708; x_wconf 93' lang='lat' dir='ltr'>id</span> <span class='ocrx_word' id='word_1_177' title='bbox 751 3647 810 3724; x_wconf 86' lang='lat' dir='ltr'>cst,</span> <span class='ocrx_word' id='word_1_178' title='bbox 834 3647 986 3710; x_wconf 85' lang='lat' dir='ltr'>extrema</span> <span class='ocrx_word' id='word_1_179' title='bbox 1018 3665 1079 3710; x_wconf 87' lang='lat' dir='ltr'>sua</span> <span class='ocrx_word' id='word_1_180' title='bbox 1110 3645 1271 3733; x_wconf 80' lang='lat' dir='ltr'>corrigere</span> <span class='ocrx_word' id='word_1_181' title='bbox 1304 3670 1362 3714; x_wconf 88' lang='lat' dir='ltr'>ne·</span> 
     </span>
     <span class='ocr_line' id='line_1_26' title="bbox 307 3745 1361 3838; baseline 0.002 -24"><span class='ocrx_word' id='word_1_182' title='bbox 307 3747 457 3838; x_wconf 85' lang='lat' dir='ltr'>glexerit,</span> <span class='ocrx_word' id='word_1_183' title='bbox 490 3745 573 3812; x_wconf 85' lang='lat' dir='ltr'>ibi11</span> <span class='ocrx_word' id='word_1_184' title='bbox 605 3745 780 3812; x_wconf 88' lang='lat' dir='ltr'>tormentis</span> <span class='ocrx_word' id='word_1_185' title='bbox 818 3767 893 3812; x_wconf 89' lang='lat' dir='ltr'>oum</span> <span class='ocrx_word' id='word_1_186' title='bbox 925 3745 1131 3814; x_wconf 83' lang='lat' dir='ltr'>daemonibus</span> <span class='ocrx_word' id='word_1_187' title='bbox 1169 3746 1361 3835; x_wconf 86' lang='lat' dir='ltr'>subjacebit.</span> 
     </span>
     <span class='ocr_line' id='line_1_27' title="bbox 269 3847 1362 3939; baseline -0.002 -21"><span class='ocrx_word' id='word_1_188' title='bbox 269 3859 273 3868; x_wconf 87' lang='lat'>&#39;</span> <span class='ocrx_word' id='word_1_189' title='bbox 308 3850 466 3918; x_wconf 78' lang='lat' dir='ltr'>(lalicnus</span> <span class='ocrx_word' id='word_1_190' title='bbox 488 3849 600 3938; x_wconf 77' lang='lat' dir='ltr'>igitur,</span> <span class='ocrx_word' id='word_1_191' title='bbox 615 3848 730 3915; x_wconf 86' lang='lat' dir='ltr'>volens</span> <span class='ocrx_word' id='word_1_192' title='bbox 744 3852 785 3914; x_wconf 92' lang='lat' dir='ltr'>ut</span> <span class='ocrx_word' id='word_1_193' title='bbox 808 3847 919 3914; x_wconf 88' lang='lat' dir='ltr'>asinus</span> <span class='ocrx_word' id='word_1_194' title='bbox 941 3853 1072 3936; x_wconf 86' lang='lat' dir='ltr'>saperet</span> <span class='ocrx_word' id='word_1_195' title='bbox 1094 3853 1129 3914; x_wconf 90' lang='lat' dir='ltr'>et</span> <span class='ocrx_word' id='word_1_196' title='bbox 1151 3849 1362 3939; x_wconf 85' lang='lat' dir='ltr'>intelligeret,</span> 
     </span>
     <span class='ocr_line' id='line_1_28' title="bbox 308 3949 1362 4040; baseline -0.004 -19"><span class='ocrx_word' id='word_1_197' title='bbox 308 3975 346 4022; x_wconf 87' lang='lat' dir='ltr'>ae</span> <span class='ocrx_word' id='word_1_198' title='bbox 361 3950 541 4018; x_wconf 84' lang='lat' dir='ltr'>novissima</span> <span class='ocrx_word' id='word_1_199' title='bbox 562 3950 761 4040; x_wconf 86' lang='lat' dir='ltr'>provideret,</span> <span class='ocrx_word' id='word_1_200' title='bbox 778 3949 982 4017; x_wconf 87' lang='lat' dir='ltr'>dissuasione</span> <span class='ocrx_word' id='word_1_201' title='bbox 1004 3971 1083 4016; x_wconf 87' lang='lat' dir='ltr'>usus</span> <span class='ocrx_word' id='word_1_202' title='bbox 1098 3956 1149 4017; x_wconf 89' lang='lat' dir='ltr'>est</span> <span class='ocrx_word' id='word_1_203' title='bbox 1160 3975 1169 4034; x_wconf 83' lang='lat'>3</span> <span class='ocrx_word' id='word_1_204' title='bbox 1194 3950 1267 4018; x_wconf 69' lang='lat' dir='ltr'>ct12</span> <span class='ocrx_word' id='word_1_205' title='bbox 1287 3975 1362 4020; x_wconf 90' lang='lat' dir='ltr'>con-</span> 
     </span>
     <span class='ocr_line' id='line_1_29' title="bbox 309 4051 1361 4141; baseline -0.004 -19"><span class='ocrx_word' id='word_1_206' title='bbox 309 4055 454 4122; x_wconf 88' lang='lat' dir='ltr'>siderans</span> <span class='ocrx_word' id='word_1_207' title='bbox 473 4053 563 4141; x_wconf 90' lang='lat' dir='ltr'>quod</span> <span class='ocrx_word' id='word_1_208' title='bbox 585 4053 688 4120; x_wconf 87' lang='lat' dir='ltr'>stulto</span> <span class='ocrx_word' id='word_1_209' title='bbox 711 4051 838 4139; x_wconf 87' lang='lat' dir='ltr'>aliquid</span> <span class='ocrx_word' id='word_1_210' title='bbox 860 4057 973 4119; x_wconf 88' lang='lat' dir='ltr'>contra</span> <span class='ocrx_word' id='word_1_211' title='bbox 991 4051 1200 4119; x_wconf 86' lang='lat' dir='ltr'>voluntatem</span> <span class='ocrx_word' id='word_1_212' title='bbox 1225 4054 1361 4120; x_wconf 86' lang='lat' dir='ltr'>suadere</span> 
     </span>
    </p>
   </div>
   <div class='ocr_carea' id='block_1_5' title="bbox 308 4339 1284 4958">
    <p class='ocr_par' dir='ltr' id='par_1_5' title="bbox 308 4339 1284 4958">
     <span class='ocr_line' id='line_1_30' title="bbox 344 4339 1111 4406; baseline -0.003 -14"><span class='ocrx_word' id='word_1_213' title='bbox 344 4342 501 4393; x_wconf 75' lang='grc' dir='ltr'>ιαῑίἰθιιὴθει</span> <span class='ocrx_word' id='word_1_214' title='bbox 511 4349 575 4404; x_wconf 75' lang='lat' dir='ltr'>mal,</span> <span class='ocrx_word' id='word_1_215' title='bbox 587 4341 619 4394; x_wconf 87' lang='lat' dir='ltr'>B.</span> <span class='ocrx_word' id='word_1_216' title='bbox 892 4339 1070 4406; x_wconf 49' lang='lat' dir='ltr'>nepetam,</span> <span class='ocrx_word' id='word_1_217' title='bbox 1081 4340 1111 4390; x_wconf 88' lang='grc' dir='ltr'>Ρ.</span> 
     </span>
     <span class='ocr_line' id='line_1_31' title="bbox 343 4417 1139 4484; baseline -0.004 -13"><span class='ocrx_word' id='word_1_218' title='bbox 343 4421 355 4454; x_wconf 82' lang='lat'><em>²</em></span> <span class='ocrx_word' id='word_1_219' title='bbox 367 4427 510 4484; x_wconf 62' lang='lat' dir='ltr'>maenam,</span> <span class='ocrx_word' id='word_1_220' title='bbox 520 4421 552 4472; x_wconf 87' lang='lat' dir='ltr'>B.</span> <span class='ocrx_word' id='word_1_221' title='bbox 891 4417 901 4451; x_wconf 80' lang='lat'><strong>⁶</strong></span> <span class='ocrx_word' id='word_1_222' title='bbox 913 4421 938 4468; x_wconf 84' lang='lat' dir='ltr'>in</span> <span class='ocrx_word' id='word_1_223' title='bbox 950 4421 1097 4481; x_wconf 72' lang='lat' dir='ltr'>maneriam,</span> <span class='ocrx_word' id='word_1_224' title='bbox 1109 4419 1139 4468; x_wconf 90' lang='lat' dir='ltr'>P.</span> 
     </span>
     <span class='ocr_line' id='line_1_32' title="bbox 344 4495 1257 4562; baseline -0.003 -12"><span class='ocrx_word' id='word_1_225' title='bbox 344 4499 507 4562; x_wconf 57' lang='lat' dir='ltr'>Mammam,</span> <span class='ocrx_word' id='word_1_226' title='bbox 521 4515 564 4549; x_wconf 83' lang='lat' dir='ltr'>nco</span> <span class='ocrx_word' id='word_1_227' title='bbox 581 4497 677 4562; x_wconf 79' lang='lat' dir='ltr'>aliquid</span> <span class='ocrx_word' id='word_1_228' title='bbox 693 4497 812 4562; x_wconf 74' lang='lat' dir='ltr'>infernam</span> <span class='ocrx_word' id='word_1_229' title='bbox 891 4497 967 4562; x_wconf 74' lang='lat' dir='ltr'>lqnae</span> <span class='ocrx_word' id='word_1_230' title='bbox 978 4495 1216 4558; x_wconf 70' lang='lat' dir='ltr'>mmtrisomnitus,</span> <span class='ocrx_word' id='word_1_231' title='bbox 1228 4497 1257 4547; x_wconf 90' lang='lat' dir='ltr'>P.</span> 
     </span>
     <span class='ocr_line' id='line_1_33' title="bbox 308 4575 1284 4647; baseline -0.002 -17"><span class='ocrx_word' id='word_1_232' title='bbox 308 4587 402 4647; x_wconf 79' lang='lat' dir='ltr'>putant</span> <span class='ocrx_word' id='word_1_233' title='bbox 420 4577 460 4629; x_wconf 85' lang='lat' dir='ltr'>vel</span> <span class='ocrx_word' id='word_1_234' title='bbox 478 4579 530 4630; x_wconf 78' lang='lat' dir='ltr'>sinc</span> <span class='ocrx_word' id='word_1_235' title='bbox 545 4577 630 4629; x_wconf 82' lang='lat' dir='ltr'>robore</span> <span class='ocrx_word' id='word_1_236' title='bbox 647 4577 713 4644; x_wconf 81' lang='lat' dir='ltr'>quod</span> <span class='ocrx_word' id='word_1_237' title='bbox 730 4577 812 4643; x_wconf 78' lang='lat' dir='ltr'>aliquo</span> <span class='ocrx_word' id='word_1_238' title='bbox 889 4577 901 4610; x_wconf 76' lang='lat'><strong>⁸</strong></span> <span class='ocrx_word' id='word_1_239' title='bbox 908 4578 1049 4643; x_wconf 69' lang='lat' dir='ltr'>presentie,</span> <span class='ocrx_word' id='word_1_240' title='bbox 1058 4577 1160 4642; x_wconf 75' lang='grc' dir='ltr'>εἰφιθηε</span> <span class='ocrx_word' id='word_1_241' title='bbox 1170 4575 1242 4640; x_wconf 76' lang='lat' dir='ltr'>lunc,</span> <span class='ocrx_word' id='word_1_242' title='bbox 1254 4577 1284 4628; x_wconf 93' lang='grc' dir='ltr'>Ρ.</span> 
     </span>
     <span class='ocr_line' id='line_1_34' title="bbox 312 4654 1284 4725; baseline -0.005 -14"><span class='ocrx_word' id='word_1_243' title='bbox 312 4669 415 4725; x_wconf 78' lang='lat' dir='ltr'>tempore</span> <span class='ocrx_word' id='word_1_244' title='bbox 425 4657 464 4709; x_wconf 78' lang='lat' dir='ltr'>vel</span> <span class='ocrx_word' id='word_1_245' title='bbox 478 4659 505 4708; x_wconf 83' lang='lat' dir='ltr'>in</span> <span class='ocrx_word' id='word_1_246' title='bbox 516 4659 610 4708; x_wconf 79' lang='lat' dir='ltr'>minimo</span> <span class='ocrx_word' id='word_1_247' title='bbox 625 4658 705 4723; x_wconf 74' lang='lat' dir='ltr'>poscit</span> <span class='ocrx_word' id='word_1_248' title='bbox 720 4673 812 4719; x_wconf 80' lang='lat' dir='ltr'>nocere,</span> <span class='ocrx_word' id='word_1_249' title='bbox 888 4655 1085 4719; x_wconf 79' lang='lat' dir='ltr'>⁹immosurorie</span> <span class='ocrx_word' id='word_1_250' title='bbox 1096 4654 1202 4705; x_wconf 82' lang='lat' dir='ltr'>omitted</span> <span class='ocrx_word' id='word_1_251' title='bbox 1214 4654 1239 4704; x_wconf 90' lang='lat' dir='ltr'>in</span> <span class='ocrx_word' id='word_1_252' title='bbox 1253 4656 1284 4706; x_wconf 87' lang='lat' dir='ltr'>P.</span> 
     </span>
     <span class='ocr_line' id='line_1_35' title="bbox 312 4714 1282 4798; baseline -0.002 -10"><span class='ocrx_word' id='word_1_253' title='bbox 312 4739 342 4790; x_wconf 85' lang='lat' dir='ltr'>e.</span> <span class='ocrx_word' id='word_1_254' title='bbox 429 4763 430 4766; x_wconf 57' lang='lat'><em>=</em></span> <span class='ocrx_word' id='word_1_255' title='bbox 832 4714 835 4786; x_wconf 88' lang='lat' dir='ltr'>l</span> <span class='ocrx_word' id='word_1_256' title='bbox 888 4735 909 4768; x_wconf 85' lang='lat'>¹⁰</span> <span class='ocrx_word' id='word_1_257' title='bbox 920 4741 944 4784; x_wconf 75' lang='lat' dir='ltr'>a</span> <span class='ocrx_word' id='word_1_258' title='bbox 955 4732 1027 4798; x_wconf 71' lang='lat' dir='ltr'>cuja</span> <span class='ocrx_word' id='word_1_259' title='bbox 1038 4735 1094 4784; x_wconf 76' lang='lat' dir='ltr'>viee</span> <span class='ocrx_word' id='word_1_260' title='bbox 1102 4737 1240 4798; x_wconf 58' lang='lat' dir='ltr'>peecata,</span> <span class='ocrx_word' id='word_1_261' title='bbox 1252 4737 1282 4786; x_wconf 82' lang='lat' dir='ltr'>r.</span> 
     </span>
     <span class='ocr_line' id='line_1_36' title="bbox 344 4813 1130 4878; baseline -0.004 -10"><span class='ocrx_word' id='word_1_262' title='bbox 344 4817 354 4848; x_wconf 87' lang='lat'><strong>⁴</strong></span> <span class='ocrx_word' id='word_1_263' title='bbox 365 4817 440 4868; x_wconf 77' lang='lat' dir='ltr'>oeulis</span> <span class='ocrx_word' id='word_1_264' title='bbox 452 4817 564 4870; x_wconf 77' lang='lat' dir='ltr'>lubentes</span> <span class='ocrx_word' id='word_1_265' title='bbox 578 4815 739 4878; x_wconf 77' lang='lat' dir='ltr'>interioribus,</span> <span class='ocrx_word' id='word_1_266' title='bbox 750 4816 811 4866; x_wconf 80' lang='lat' dir='ltr'>unde</span> <span class='ocrx_word' id='word_1_267' title='bbox 832 4835 834 4869; x_wconf 73' lang='lat' dir='ltr'>r</span> <span class='ocrx_word' id='word_1_268' title='bbox 890 4814 908 4848; x_wconf 88' lang='lat'>¹¹</span> <span class='ocrx_word' id='word_1_269' title='bbox 919 4815 945 4862; x_wconf 82' lang='lat' dir='ltr'>in</span> <span class='ocrx_word' id='word_1_270' title='bbox 958 4815 1086 4874; x_wconf 79' lang='lat' dir='ltr'>torowntis,</span> <span class='ocrx_word' id='word_1_271' title='bbox 1099 4813 1130 4865; x_wconf 85' lang='lat' dir='ltr'>P.</span> 
     </span>
     <span class='ocr_line' id='line_1_37' title="bbox 311 4886 1057 4958; baseline 0.001 -14"><span class='ocrx_word' id='word_1_272' title='bbox 311 4913 401 4958; x_wconf 74' lang='grc' dir='ltr'>υθνθειε,</span> <span class='ocrx_word' id='word_1_273' title='bbox 413 4896 444 4950; x_wconf 87' lang='grc' dir='ltr'>Ρ.</span> <span class='ocrx_word' id='word_1_274' title='bbox 831 4886 834 4926; x_wconf 77' lang='lat'><strong>¹</strong></span> <span class='ocrx_word' id='word_1_275' title='bbox 891 4893 909 4926; x_wconf 78' lang='lat'>¹²</span> <span class='ocrx_word' id='word_1_276' title='bbox 921 4892 971 4958; x_wconf 82' lang='lat' dir='ltr'>secl,</span> <span class='ocrx_word' id='word_1_277' title='bbox 981 4893 1012 4944; x_wconf 91' lang='lat' dir='ltr'>B.</span> <span class='ocrx_word' id='word_1_278' title='bbox 1027 4893 1057 4946; x_wconf 90' lang='lat' dir='ltr'>P.</span> 
     </span>
    </p>
   </div>
   <div class='ocr_carea' id='block_1_6' title="bbox 0 0 1766 5796">
    <p class='ocr_par' dir='ltr' id='par_1_6' title="bbox 0 0 1766 5796">
     <span class='ocr_line' id='line_1_38' title="bbox 0 0 1766 5796; baseline 0 0"><span class='ocrx_word' id='word_1_279' title='bbox 0 0 1766 5796; x_wconf 95' lang='lat' dir='ltr'> </span> 
     </span>
    </p>
   </div>
  </div>
 </body>
</html>
