3524 5802
403 777 446 842 12
506 787 685 840 sinerem
709 789 811 840 ronrs
835 789 880 838 or
901 788 971 840 run
992 789 1157 842 rwmrrn
1181 791 1351 844 caurum.

401 963 446 1028 Et
468 961 526 1048 qui
547 961 597 1027 nii
619 963 730 1049 sapuit
752 963 817 1028 nisi
839 961 980 1028 stultum
1003 966 1151 1050 tempore
1173 964 1266 1044 duro,

446 1064 626 1151 Postquam
651 1087 719 1152 pax
739 1063 991 1151 rediit,ineipit
1013 1085 1084 1130 esse
1107 1064 1199 1132 Oete.

402 1165 564 1253 Quodque
585 1166 690 1254 magis
712 1165 823 1242 miror,
847 1165 1001 1231 furantur
1022 1165 1175 1234 Nestoris
1197 1190 1312 1247 annos,

447 1268 537 1349 Quos
558 1269 705 1335 nondum
728 1272 843 1356 partus
865 1267 971 1334 edidit
993 1268 1062 1356 ipse
1083 1267 1185 1335 suns„l

402 1371 457 1437 Sie
479 1371 612 1437 fortuna
632 1371 731 1458 perit,
754 1371 833 1436 dum
856 1374 972 1458 partus
993 1371 1219 1458 prodigiosus²

445 1472 618 1553 Redditur,
641 1494 683 1538 ex
705 1477 806 1559 partu
827 1472 1017 1560 prodigiose
1039 1494 1105 1539 suo.

400 1575 541 1661 Prodign
562 1574 651 1640 faeta
672 1573 788 1661 magis,
812 1595 913 1660 quam
935 1573 1082 1660 provida,
1105 1575 1328 1662 prodigiosam

446 1673 633 1742 Constitit⁸
654 1681 733 1741 ante
755 1697 849 1740 suam
872 1697 907 1741 se
929 1676 1115 1763 peperisse*
1138 1677 1234 1744 diem.

401 1779 489 1844 Nam
510 1799 593 1866 puer
614 1777 765 1864 impubes
788 1777 944 1843 Cicerone
967 1769 1111 1844 disertio
1125 1779 1197 1866 ipso

445 1879 609 1967 Fingitur,
631 1885 666 1946 et
688 1901 807 1966 magno
830 1879 911 1945 seire
934 1879 1061 1946 Catone
1084 1881 1197 1968 magis.

400 1981 521 2046 Omnia
542 1982 653 2046 lunari
675 1981 824 2067 subjecta
845 1981 944 2069 globo
967 2004 1110 2050 reserere

346 2081 348 2086 ’
443 2083 558 2161 Novit,
581 2087 616 2149 et
636 2082 805 2150 interdum
828 2085 970 2168 mystice
993 2084 1100 2150 multe
1121 2085 1226 2151 videt.

401 2185 668 2271 Quelemounque
690 2185 800 2250 virum
822 2184 957 2272 cupias,i
978 2191 1205 2273 quantumque
1229 2185 1388 2253 disertum

445 2287 585 2374 Fingere
607 2289 727 2368 mente,
750 2308 850 2352 manu
873 2287 1017 2374 pingere,
1039 2286 1116 2353 telis
1140 2288 1212 2354 erit.

381 2378 487 2455 ¹Talis¹
510 2390 600 2476 apud
622 2389 714 2471 tales,
737 2389 815 2454 talis
838 2390 900 2455 sub
921 2395 1070 2476 tempore
1093 2389 1164 2471 teli,

443 2491 577 2578 Subque
598 2513 658 2557 suo
681 2491 743 2556 tali
760 2491 872 2577 judice
894 2490 972 2557 talis
995 2489 1081 2557 erit⁰

399 2593 518 2680 Sioque
540 2593 715 2659 dealbatus
737 2592 845 2679 paries
868 2591 1060 2680 depingitur
1082 2597 1187 2672 extra,

444 2695 588 2760 interius
611 2694 729 2782 plenus
751 2693 901 2760 sordibus
923 2700 1025 2782 etque
1047 2695 1127 2764 inte.

399 2798 453 2865 Sis
476 2796 605 2884 picture
626 2795 735 2861 lutum
758 2797 882 2878 vestit;
905 2797 951 2864 sie
973 2819 1104 2884 gemma
1125 2803 1284 2865 venustet

444 2899 596 2966 Stercore
608 2923 617 2980 ;
640 2897 687 2964 sie
709 2920 825 2963 eurum
849 2899 983 2985 putrida
1005 2899 1098 2988 ligna
1121 2901 1213 2988 tegit.

399 3001 488 3083 Qui⁷
510 3001 596 3065 nihil
619 3005 669 3066 est
690 3022 749 3088 per
771 3022 813 3078 se,
837 3023 898 3067 nee
920 3001 1023 3066 hebet
1045 3023 1111 3087 quo
1133 3003 1251 3068 tendat
1271 3001 1308 3066 in
1331 3002 1444 3080 eitum,

443 3103 590 3191 Expedit
612 3103 750 3168 alterius
772 3108 812 3168 ut
833 3101 1000 3168 relevetur
1023 3124 1091 3190 ope.

398 3207 460 3271 Est
482 3211 596 3272 tomen
618 3203 808 3282 absurdum,
831 3225 906 3270 eum
929 3204 1071 3290 quilibet
1094 3227 1136 3270 ex
1158 3204 1267 3271 alieno

440 3309 593 3375 Intumet
614 3305 777 3374 ulterius⁸
799 3329 896 3394 quam
921 3307 1083 3374 tumuisse
1105 3308 1206 3376 deeet.

397 3410 564 3492 Quamvis,
588 3411 630 3476 de
652 3409 787 3496 propria
809 3430 883 3474 eum
906 3407 1004 3496 quis⁹
1026 3410 1154 3476 virtute
1176 3412 1339 3499 superbit,

440 3513 494 3578 Sit
515 3511 647 3588 vitium,
668 3509 777 3575 levius
798 3509 861 3576 hoe
882 3515 995 3576 tamen
1017 3531 1086 3580 esse
1108 3515 1198 3598 puto.

396 3614 608 3685 Consuetudo
631 3617 745 3678 tamen
767 3613 851 3679 solet
872 3618 1045 3680 attenuare
1067 3615 1235 3702 pudorem,

439 3715 565 3782 Reddit
586 3719 621 3782 et
643 3713 800 3780 audacem
822 3735 920 3800 quem
942 3736 1034 3781 more
1056 3717 1156 3805 longe
1172 3717 1280 3804 juvat.

396 3819 512 3905 Regna
533 3815 611 3884 lieet
633 3820 747 3883 teneat
769 3819 998 3904 seeptrumque
1020 3818 1125 3885 leonis
1147 3821 1276 3901 asellus,

438 3919 589 4005 dureque
611 3918 669 3985 det
691 3917 830 4008 populis,
854 3939 980 4004 semper
1001 3920 1120 3986 asellus
1143 3923 1213 3988 erit.
1312 3949 1315 3956 ·

395 4021 554 4110 Asperior
576 4025 690 4086 tamen
713 4025 772 4099 est,
796 4019 833 4088 in
855 4019 932 4088 sede
954 4021 1057 4087 leonis
1080 4023 1198 4090 asellus

438 4125 475 4191 Si
498 4122 625 4212 positus
648 4123 758 4202 fuerit,
780 4143 880 4208 quam
903 4121 988 4189 foret
1010 4123 1079 4210 ipse
1102 4125 1160 4192 leo.

975 4361 1140 4416 “Theseum
1151 4364 1216 4425 lines
1232 4381 1275 4418 are
1292 4369 1396 4420 omitted
1416 4371 1441 4420 in

964 4480 983 4558 ⁸⁷
994 4522 1029 4574 So
1040 4522 1074 4572 A.
1086 4523 1117 4574 B.
1130 4523 1159 4576 C.
1197 4525 1254 4587 Cui,
1267 4527 1297 4578 P.

971 4601 982 4633 ⁸
993 4600 1075 4652 Altius
1087 4603 1210 4666 inmineat,
1222 4607 1251 4656 P.
