3512 5842
408 883 453 948 94
511 891 692 945 summme
716 891 820 942 eours
844 891 888 942 or
911 891 982 942 reu
1005 891 1173 942 rwnerru
1196 891 1367 946 omnum.

410 1077 427 1104 “
451 1068 517 1136 Sed
540 1073 653 1135 tamen
676 1066 762 1132 illud
784 1063 918 1147 habent,
943 1085 1047 1130 uuum
1070 1067 1160 1150 quod
1182 1071 1302 1133 eunote
1323 1066 1454 1148 refellit,

454 1178 472 1209 “
496 1173 586 1239 Ante
609 1172 717 1236 Deum
739 1167 890 1234 lacrimas
913 1189 986 1253 queo
1009 1167 1080 1233 eine
1101 1167 1174 1256 lege
1196 1170 1314 1238 fluunt.

410 1285 427 1309 “
452 1275 517 1340 His
540 1274 722 1340 Dominum
742 1269 878 1359 pleoent
892 1292 1037 1358 ¹semper,
1061 1273 1259 1360 veniamque
1286 1279 1464 1356 merentur,

455 1385 472 1414 “
496 1379 560 1443 Hie
582 1399 642 1442 sua
664 1380 784 1444 ounote
805 1374 922 1440 levent
945 1373 1092 1456 erimine,
1117 1375 1274 1462 quioquid
1296 1382 1408 1464 egunt.

410 1489 426 1516 “
451 1481 615 1546 Omnibus
637 1482 814 1544 auretenus
836 1477 914 1542 lieet
936 1477 988 1542 hie
1010 1478 1138 1544 nutrire
1160 1479 1303 1566 capillos,

455 1589 473 1618 “
496 1583 564 1650 Sed
585 1603 653 1648 non
676 1580 825 1662 ulterius,
849 1579 964 1666 regule
985 1601 1129 1666 nomque
1151 1587 1254 1648 vetet.

410 1693 427 1720 “
452 1685 607 1751 Utuntur
629 1684 736 1750 niveis
758 1681 837 1770 agni
860 1683 902 1748 de
924 1703 1057 1769 eorpore
1080 1684 1222 1770 sumptis

455 1794 473 1824 “
497 1787 644 1853 Pellibus
667 1783 832 1866 intonsis,¹
855 1785 958 1872 pallia
979 1785 1077 1873 nigro
1098 1781 1305 1903 geruntsf

411 1899 428 1924 “
453 1890 518 1957 Hae
539 1893 640 1975 eaput
662 1887 869 1954 ebsoondunt
891 1909 1003 1953 omues
1026 1888 1089 1954 sub
1111 1893 1257 1974 tegmme
1280 1888 1385 1976 nigro,

455 1999 471 2027 “
496 1992 567 2058 Sub
590 1991 712 2057 tunicis
735 1991 840 2076 nigris
862 1990 1005 2056 eandida
1028 1990 1175 2055 membre
1196 1991 1311 2056 latent.

411 2103 428 2128 “
452 2094 594 2181 Cingula
615 2092 709 2158 nulla
730 2093 851 2175 ferunt,
875 2092 933 2158 sed
955 2114 1015 2158 nee
1037 2093 1246 2158 femoralibus
1268 2094 1322 2158 uti

456 2203 473 2231 “
497 2195 709 2262 Consuetudo
732 2196 806 2278 fuit,
830 2195 940 2261 neseio
963 2197 991 2260 ei
1014 2196 1113 2264 modo
1136 2196 1189 2263 eit.

413 2309 429 2357 ‘.‘
454 2301 636 2385 Nunquam
659 2299 821 2378 rixentur,
846 2299 910 2362 nisi
934 2319 1009 2363 cum
1031 2298 1123 2363 loeus
1144 2297 1259 2386 exigit,
1283 2304 1426 2378 autres,

456 2409 473 2437 “
498 2402 563 2468 Sed
586 2423 692 2487 neque
715 2401 916 2488 percutiunt,
940 2400 1074 2466 sitnisi
1096 2403 1336 2487 oeusegrevie

412 2513 429 2538 ‘¹
454 2505 583 2570 Herum
616 2507 696 2570 eunt
727 2503 880 2589 quodem
917 2503 1047 2568 steriles
1078 2509 1112 2570 et
1136 2501 1313 2590 quaedam2
1350 2510 1463 2592 pertu-

501 2613 518 2642 “
541 2609 674 2686 rientee,

455 2715 473 2746 “
496 2710 718 2796 Virgineoque
740 2714 853 2775 tomen
875 2708 1009 2774 nomine
1030 2714 1150 2778 eunotu
1172 2715 1298 2798 tegunt.

412 2819 428 2846 “
453 2813 535 2894 Quae
558 2810 732 2898 pastoralis
753 2811 863 2878 botuli
887 2811 1046 2878 dotetur³
1068 2813 1201 2894 honore,

456 2923 474 2950 “
498 2915 564 2980 Ille
586 2915 719 3000 quidem
741 2914 859 2980 melius
881 2915 1089 3001 fertiliusque
1111 2918 1208 3003 parit.

413 3026 428 3051 “
454 3018 522 3082 Vix
545 3018 646 3082 etiam
669 3018 796 3103 quaevis
818 3017 941 3082 sterilis
963 3019 1128 3104 reperitur·
1150 3020 1185 3084 in
1211 3019 1288 3098 illis,

456 3127 473 3156 “
497 3120 611 3186 Doneo
633 3119 680 3185 eis
702 3125 784 3186 aetee
805 3119 887 3186 talia
909 3143 1002 3207 posse
1024 3127 1133 3208 neget.

654 3405 700 3472 Do
723 3403 844 3473 ordino
866 3404 906 3472 de
928 3372 1208 3492 aSineplioplcmo.⁴

411 3581 428 3608 “
453 3574 514 3640 Est
537 3577 572 3640 et
595 3573 703 3639 adhue
726 3573 811 3639 alius
833 3594 940 3660 nuper
962 3595 1067 3640 novus
1091 3573 1170 3638 ordo
1193 3579 1349 3660 repertus,

456 3682 473 3710 “
497 3677 603 3757 Quem
626 3677 719 3754 bene,
743 3698 820 3740 nam
843 3676 948 3742 bonus
971 3681 1031 3757 est,
1055 3677 1331 3742 commemorere⁵
1354 3677 1453 3744 decet.

411 3786 428 3812 “
454 3778 519 3843 Hie
541 3779 630 3864 nputl
652 3778 838 3864 Anglorum
860 3777 944 3844 fines
966 3783 1110 3860 exortus,
1134 3778 1176 3843 eb
1199 3779 1270 3866 ipso

455 3887 472 3914 “
497 3881 626 3946 Nomen
649 3881 751 3946 habet
774 3885 873 3946 natue
896 3902 962 3966 quo
984 3880 1050 3947 fuit
1073 3877 1165 3966 ipee⁰
1186 3879 1264 3946 loeo.

412 3991 428 4018 “
453 3981 715 4071 Simplingham⁷
738 3981 857 4066 dietim,
880 3983 921 4048 de
944 3981 1157 4070 simplicitate
1181 3991 1327 4064 vocotus,

455 4092 472 4122 “
495 4087 566 4153 Sim
590 4085 671 4175 per⁸
694 4085 910 4174 antiphrasim
934 4086 1013 4152 ordo
1036 4089 1176 4153 vocatur
1198 4085 1255 4154 ito.

443 4404 449 4436 ¹
463 4406 571 4469 inanes,
580 4405 611 4456 P.
990 4404 1145 4468 *convenire
1157 4403 1188 4457 P.

442 4483 452 4516 ⁹
463 4485 572 4549 quodum
583 4483 683 4547 steriles,
694 4481 810 4548 quodum,
823 4483 854 4536 B.
990 4485 1001 4516 ⁶
1012 4483 1059 4546 ille,
1071 4485 1100 4535 P.

442 4563 575 4624 Moriatur,
587 4566 616 4614 B.
990 4562 1212 4629 ¹¹Simpliupelam
1224 4565 1255 4618 B.
1293 4563 1463 4630 Simpliqame

441 4643 495 4692 ⁴Iu
515 4643 545 4693 P.
557 4643 600 4694 the
616 4643 701 4694 rubrio
718 4643 748 4706 is,
765 4643 808 4694 De
827 4643 911 4694 ordine
957 4644 986 4694 P.

409 4739 469 4772 nono
480 4723 504 4772 in
517 4721 608 4789 Anylia
619 4725 755 4774 constituto.
990 4723 1001 4754 ⁸
1014 4723 1073 4772 Sive
1082 4739 1137 4789 per,
1150 4723 1179 4774 P.
