3512 5842
559 891 698 940 monum
721 889 903 938 SPECULUM
927 889 1140 940 STUL'I'ORUM.
1335 872 1375 936 59

661 1151 848 1219 Somnium
873 1149 1049 1234 Gtmtdulfi.

329 1319 346 1348 “
368 1315 493 1380 Ordine
515 1319 666 1402 suseepto
684 1314 755 1400 jem
779 1336 813 1380 se
835 1318 934 1400 putet
957 1335 1025 1379 esse
1047 1336 1223 1394 reversum,

372 1419 390 1449 “
414 1415 624 1502 Indutusque
647 1417 746 1482 serris
767 1417 835 1503 jem
858 1416 1022 1482 celebrare
1045 1415 1162 1501 peret.1

328 1519 346 1550 “
371 1515 589 1603 censorisque
611 1517 705 1582 videt
727 1519 825 1583 niveo
847 1518 909 1583 sub
930 1517 1077 1604 tegmine
1099 1518 1223 1604 guttum

373 1621 392 1652 ‘⁴
415 1617 607 1684 Obtinuisse
629 1620 725 1698 vioes,
749 1622 851 1704 etque
872 1624 985 1684 tenere
1008 1619 1153 1685 chorum.

327 1723 343 1754 “
368 1719 531 1784 Introitus
554 1720 671 1798 misses,
695 1742 794 1806 quem
817 1720 923 1806 gallus
946 1742 1027 1788 vooe
1050 1743 1169 1786 sonore

372 1825 391 1855 “
416 1820 578 1886 Omnibus
600 1820 717 1886 invitis
740 1822 868 1899 intulit,
890 1822 955 1886 iste
977 1822 1065 1886 fuit:

328 1927 346 1958 “
370 1923 517 1988 ‘Omnia
540 1945 623 2008 quae,
648 1922 805 2002 domine,⁹
828 1921 923 1987 nobis
945 1923 1059 1988 fecisse
1082 1923 1213 2004 videris,

372 2028 391 2058 “
415 2023 462 2088 ‘J
464 2024 572 2090 udicio
589 2025 682 2108 justo
704 2023 794 2089 fecte
816 2024 916 2088 fuisse
938 2023 1064 2110 liquet'

329 2131 345 2159 “
367 2123 542 2210 Cumque⁸
564 2126 651 2192 enlin
673 2147 814 2212 magnus
836 2127 981 2212 vinoque
1004 2126 1157 2212 repletus,
1181 2128 1317 2205 adesset,

374 2232 393 2262 “
416 2225 550 2308 Heusit,
574 2231 609 2291 et
631 2250 651 2291 a
673 2227 777 2291 fundo
799 2227 924 2292 viscera
946 2231 1020 2292 tote
1042 2228 1131 2292 tulit.

330 2330 349 2360 “
372 2326 522 2412 Cumque
544 2328 632 2392 calix
654 2333 791 2414 saperet,
815 2329 1010 2414 absumptus
1033 2337 1067 2394 et
1089 2330 1158 2414 ipse
1180 2331 1304 2414 fuisset,

375 2433 394 2462 ‘⁴
416 2428 546 2494 Caetere
567 2427 703 2514 perfecit
725 2429 843 2494 ordine
865 2434 985 2493 ounote
1007 2451 1075 2494 suo.

331 2535 350 2564 “
373 2528 440 2594 Sed
462 2530 562 2595 finem
586 2530 703 2610 misses,
726 2552 801 2595 oum
824 2535 942 2596 centor
964 2529 1089 2611 debuit,
1114 2531 1207 2613 ‘Ite,'

376 2635 394 2664 “
416 2630 540 2710 Dicere,
565 2631 734 2708 conticuit,
758 2632 854 2717 signe
876 2653 937 2696 neo
958 2630 1028 2695 ulle
1050 2632 1149 2698 dedit.

330 2731 505 2795 “Talibus
528 2730 701 2816 obstupuit
724 2733 806 2796 visis
830 2731 1026 2809 Gunduifus
1051 2738 1085 2797 et
1107 2734 1185 2798 altis

375 2836 393 2865 “
415 2830 559 2897 Vocibus
581 2831 792 2914 exdemens,⁴
815 2833 915 2913 ‘Est’
938 2833 995 2914 eit,
1022 2838 1132 2898 ‘estne
1155 2833 1264 2900 diest'

329 2938 348 2968 “
371 2933 437 3000 Cui
456 2935 691 3020 respondentes
714 2933 829 2998 famuli
853 2935 975 3014 dixere,
1000 2935 1129 3000 volenti

373 3040 391 3069 “
415 3033 564 3122 Surgere,
589 3034 792 3114 ‘Sustinees
816 3039 946 3122 tempus
968 3035 1080 3100 adesse
1102 3041 1205 3102 tuum.

329 3142 347 3171 “
372 3137 555 3202 ‘Nondum
578 3137 727 3202 cantavit
750 3136 864 3222 gellus,
889 3138 947 3222 qui
969 3143 1119 3223 tempora
1140 3140 1271 3204 noetis⁶

375 3243 392 3273 “
417 3238 548 3306 ‘Novit
569 3242 604 3304 et
626 3239 772 3324 assignet
796 3238 929 3323 singule
951 3259 1030 3302 vooe
1053 3260 1122 3302 sue

329 3345 348 3375 “
372 3341 557 3420 ‘Quemvis
580 3341 740 3406 vellemus
762 3339 865 3404 furari
887 3344 1046 3426 tempore,
1069 3339 1163 3404 nobis

374 3447 393 3478 “
417 3442 572 3522 ‘Invitis
595 3441 701 3528 gellus
724 3442 925 3528 significaret
947 3463 994 3507 eu

330 3549 348 3579 “
371 3543 504 3609 ‘Novit
525 3543 615 3609 enim
638 3544 754 3609 melius
777 3564 877 3628 quem
899 3565 959 3609 nos
982 3542 1172 3608 discrimina
1194 3548 1310 3628 noetis,

375 3651 393 3680 “
413 3646 520 3710 '‘Pers
542 3650 644 3730 quota
666 3646 844 3723 transierit,
868 3667 944 3730 pers
967 3650 1070 3730 quote
1091 3654 1196 3714 restet
1219 3650 1333 3718 adhue.

330 3753 348 3781 “
372 3745 633 3813 ‘Commitemus
654 3746 686 3809 ei
708 3753 878 3832 surgentes
900 3751 1049 3832 tempore
1070 3749 1183 3832 noetis,

374 3851 393 3882 “
417 3847 506 3928 ‘Qui
531 3868 599 3912 non
621 3847 780 3912 dormitet
803 3847 848 3911 sit
869 3848 954 3934 vigil
976 3849 1032 3913 ille
1054 3849 1156 3916 tuus⁶

330 3955 347 3984 “
372 3949 471 4015 ‘Nox
494 3953 545 4026 est
566 3899 667 4034 lorbe
688 3949 796 4028 nimis,
811 3955 958 4035 superest
973 3971 1049 4036 pers
1070 3951 1237 4018 maxime⁷
1259 3957 1380 4040 nobis3

376 4058 393 4085 “
418 4052 540 4118 ‘Verte
562 4050 658 4129 letus,
681 4050 796 4130 dormi,
820 4073 887 4135 non¹
909 4051 1009 4118 breve
1031 4057 1162 4139 tempus
1184 4055 1294 4122 hebes.

365 4299 447 4349 'The
470 4298 560 4347 laeum
582 4297 609 4344 in
632 4295 688 4346 MS.
713 4295 743 4344 B.
771 4297 832 4346 ends
878 4295 1022 4346 teu-mediate
1044 4295 1107 4346 lines
1132 4313 1174 4348 ere
1196 4299 1308 4364 omitted,
1330 4307 1380 4354 and

331 4379 399 4430 bere.
878 4375 920 4425 the
948 4383 1010 4425 next
1032 4382 1188 4438 pentameter
1210 4379 1231 4428 is
1253 4381 1329 4445 given
1351 4399 1380 4434 ae

364 4455 375 4489 ‘²
386 4455 455 4514 dure,
465 4455 496 4505 1².
878 4453 1019 4518 depending
1030 4469 1063 4504 on
1077 4455 1128 4505 this
1138 4457 1290 4511 hexameter.

365 4531 593 4594 ⁸Cunralix‚A.,
609 4533 655 4581 but
668 4531 712 4581 the
728 4531 833 4595 reading
912 4531 997 4582 vrbis
1008 4534 1059 4582 and
1070 4533 1114 4584 the
1124 4537 1262 4602 preceding
1272 4539 1324 4590 line
1337 4558 1379 4593 are

331 4617 362 4666 os
368 4615 411 4666 the
421 4611 575 4664 textisthat
585 4611 616 4661 of
622 4612 652 4660 B.
665 4613 715 4661 und
726 4610 756 4662 P.
878 4613 954 4663 taken
964 4611 1029 4662 from
1040 4613 1071 4663 B.

364 4694 375 4726 ⁴
386 4692 512 4753 exclamat,
522 4691 551 4742 P.
911 4691 921 4727 ⁷
929 4689 1045 4756 plurima,
1056 4691 1087 4743 Β.

364 4773 375 4804 ⁵
387 4771 463 4834 nobie,
474 4770 513 4834 P.,
530 4769 558 4820 in
570 4770 652 4820 which
668 4769 711 4821 the
727 4777 778 4821 two
795 4770 833 4818 in·
