3512 5842
398 885 442 948 90
502 897 684 948 ssunicnn
706 897 810 947 sonos
832 898 876 947 on
900 897 970 948 nnn
992 896 1157 949 cunnum
1180 899 1348 950 cnucusu.

400 1069 417 1102 “
441 1070 592 1136 Candida
613 1070 669 1137 sed
691 1069 797 1158 ptun¹
821 1070 937 1137 subbili
959 1069 1124 1136 slcmine¹
1147 1075 1252 1150 bexia,

445 1178 462 1207 ‘¹
486 1173 621 1239 Mundis
643 1174 769 1239 munda
791 1173 900 1260 placeb
922 1174 1009 1239 linea
1030 1173 1135 1240 vestis
1158 1173 1228 1240 eis.¹

401 1282 418 1308 “
442 1276 553 1342 Vestis
574 1277 712 1342 honesta
733 1276 875 1362 quidem,
899 1300 973 1364 quos
995 1299 1055 1343 nec
1077 1299 1154 1342 cum
1177 1298 1274 1343 corne
1287 1275 1411 1343 nebelli

445 1383 463 1414 “
487 1377 563 1444 ΠΗ
585 1385 660 1445 cute
683 1379 771 1445 bello
792 1379 909 1466 gerab⁶
931 1380 1111 1467 eslieribnbe
1133 1380 1194 1446 sui.

401 1491 417 1516 “
442 1483 616 1549 Exteriore
637 1489 750 1550 bomon
771 1485 968 1550 claudentur
990 1483 1161 1551 themabe⁰
1190 1484 1294 1572 nigro,

299 1585 649 1676 ὠῶν
672 1586 810 1652 alberius
833 1585 942 1673 aptior
964 1609 1034 1652 esse
1057 1590 1166 1673 queat.

401 1695 417 1722 “
440 1687 583 1754 Lumina
604 1710 645 1754 ne
668 1688 777 1768 laedac,
802 1688 900 1756 albo¹
923 1689 1061 1776 nigredo
1084 1695 1256 1776 repugnat,

445 1798 463 1825 “
487 1791 595 1878 Inque
617 1792 736 1857 timore
759 1791 854 1878 nigro
876 1792 999 1880 gaudia
1021 1791 1144 1857 condor
1165 1791 1274 1857 hebet.

402 1901 419 1927 “
444 1893 499 1958 Sic
521 1914 615 1958 arcus
637 1893 712 1958 coeli
736 1895 869 1980 gemino
892 1891 1090 1980 splendore⁸
1111 1893 1262 1980 refulget,

445 2002 462 2029 “
487 1995 541 2060 Sic
563 1995 650 2081 pilus
673 2000 724 2060 esb
746 1995 849 2082 pardo
871 1991 1032 2061 condidus
1054 2000 1155 2081 obque
1176 1997 1278 2082 niger.

401 2105 418 2131 “
442 2097 549 2162 Pallia
570 2096 715 2163 cornici¹
737 2098 796 2163 dub
818 2119 928 2184 pennu
950 2099 1013 2164 sub
1035 2098 1147 2164 albida
1168 2099 1273 2185 nigros

445 2205 463 2234 “
487 2199 646 2280 Candide,
669 2199 715 2266 sic
737 2201 827 2287 picas
850 2205 885 2266 eb
906 2201 1003 2289 nigra
1025 2223 1135 2288 penna
1157 2201 1249 2288 tegio.

400 2309 417 2336 “
442 2301 479 2368 Si
501 2303 605 2368 vestis
627 2301 752 2369 bicolor
774 2325 906 2369 carnem
928 2303 1000 2369 sine
1022 2303 1119 2368 corde
1141 2303 1272 2382 colorat,

445 2411 463 2438 “
487 2405 582 2471 Mens
604 2405 670 2471 erib
691 2406 813 2492 absque
837 2409 926 2487 nobs,
954 2409 1046 2471 vesle
1070 2410 1206 2471 bencnbe
1227 2409 1350 2471 notum.

402 2514 418 2541 “
442 2508 531 2589 Quid
553 2508 655 2575 refero
678 2509 790 2594 quales
813 2508 952 2573 veniant
974 2508 1010 2572 in
1037 2513 1129 2574 veste
1152 2508 1282 2586 colores,

446 2621 462 2648 “
487 2615 524 2681 Si
546 2637 639 2682 mens
662 2615 809 2682 unicolor
830 2615 991 2680 interiora
1012 2612 1165 2702 regalem

643 2899 694 2966 Dc
716 2899 838 2968 ordioc
860 2899 1213 2968 Pcocmoconulensi.¹¹

401 3067 418 3096 “
441 3061 773 3127 Praemonslrabenses
796 3083 909 3128 rursus
924 3061 968 3145 3¹¹
990 3063 1048 3150 qui
1069 3063 1218 3129 vestibus
1240 3061 1325 3128 albis

445 3170 463 3198 “
487 3163 606 3229 Induti
628 3163 778 3243 veniunt,
801 3164 1015 3251 simplicibate
1031 3157 1177 3251 placent.

401 3274 417 3300 “
442 3265 506 3332 His
529 3267 616 3333 color
639 3289 724 3333 unus
746 3268 850 3350 adest,
872 3268 971 3338 ,niveo
994 3267 1135 3334 candore
1157 3269 1331 3356 refulgens,

444 3377 462 3404 “
487 3371 558 3436 Hos
581 3393 709 3458 semper
731 3370 870 3458 simplex
893 3371 996 3437 vestis
1019 3372 1119 3437 ovina
1142 3373 1234 3460 legib.

399 3481 417 3507 “
442 3473 606 3540 Omnibus
628 3473 775 3560 abjectio,
800 3471 921 3539 durc¹³
942 3496 1001 3560 pro
1022 3475 1177 3540 mollibus
1200 3475 1251 3541 ubi

444 3583 461 3608 “
486 3575 651 3658 Vestibus,
674 3575 718 3640 ud
740 3597 884 3661 praesens
906 3575 969 3641 hoc
990 3581 1136 3643 statuere
1158 3576 1263 3642 modo.

399 3685 417 3712 “
442 3678 572 3744 Vellere
593 3679 728 3765 partito,
751 3679 840 3764 quod
863 3679 938 3744 colli
960 3679 1052 3744 nuda
1074 3677 1260 3768 protexit,¹⁴

444 3786 460 3812 “
485 3779 527 3844 In
549 3781 698 3867 proprios
721 3801 800 3846 usus
824 3781 1028 3847 consbibuere
1057 3804 1141 3849 suos.

400 3889 416 3916 “
441 3882 493 3947 Ne
516 3905 589 3948 cero
611 3883 768 3966 luxuriet,
792 3883 941 3950 vervecis
964 3884 1085 3950 vellere
1108 3883 1215 3972 crispo

444 3991 461 4019 ‘¹
485 3985 630 4074 Corpora
652 3986 818 4074 castigant
840 3986 1020 4075 asperitate
1033 3985 1058 4025 ¹¹
1080 3987 1183 4074 gravi.

432 4259 439 4291 ¹
455 4259 570 4309 Candido
580 4260 630 4310 sint
636 4273 713 4326 puro,
724 4258 754 4310 P.
983 4255 993 4288 ⁸
1005 4255 1119 4319 candore,
1131 4255 1161 4306 P.

430 4339 440 4371 ²
451 4341 576 4402 stramine,
588 4341 617 4391 P.
982 4337 992 4368 1
1004 4337 1117 4398 cornicis,
1127 4337 1157 4386 P.

430 4420 441 4452 ³
453 4421 482 4482 ei,
494 4421 524 4471 P.
983 4415 1004 4447 ¹⁰
1015 4423 1087 4481 leuat,
1098 4415 1129 4465 P.

430 4497 570 4562 *Velcutu
583 4500 615 4550 B.
649 4496 808 4560 Deculo&
843 4493 899 4548 Nec
983 4495 1000 4526 ¹¹
1013 4493 1289 4556 Hoenwmtratemium,
1303 4493 1335 4544 P.

396 4586 459 4640 cute,
470 4581 499 4629 P.
982 4573 1001 4606 ¹²
1013 4591 1108 4635 cussus,
1119 4573 1154 4624 A.

430 4657 522 4720 ⁵9erit,
534 4659 564 4707 P.
979 4652 1001 4685 ¹¹
1012 4655 1028 4703 i.
1043 4661 1115 4714 veste,
1125 4653 1195 4717 gloss
1207 4651 1277 4714 inll.
1313 4651 1390 4713 duris,
1402 4651 1433 4701 B.

430 4737 548 4799 6οιηιαιε,
560 4737 590 4788 Β.
624 4735 749 4800 solome,
760 4737 789 4788 P.
982 4731 1000 4763 ¹¹
1013 4732 1192 4796 nudateqebnt,
1205 4731 1236 4782 B.

429 4815 439 4854 ¹
451 4815 543 4878 albedo,
554 4817 585 4867 B.
982 4811 1001 4844 ¹⁵
1013 4813 1135 4874 castitate,
1148 4811 1178 4863 P.
