3524 5802
489 888 532 948 20
588 897 770 948 ssrnelcsn
792 897 897 946 Ponrs
920 897 964 946 OF
987 897 1058 946 ΤΗΕ
1081 897 1248 945 rwunrffl
1273 897 1449 948 CENTURY.

490 1071 507 1100 “
530 1063 620 1130 Melo
642 1063 724 1129 mihi
747 1063 885 1130 ceudsm
907 1062 1032 1150 pariter
1054 1083 1128 1128 oum
1152 1062 1270 1130 crure1
1293 1063 1419 1142 revelli,

534 1174 551 1204 “
574 1165 683 1247 Quam
705 1166 815 1233 subito
837 1165 944 1235 viram
966 1161 1139 1231 claudere²
1161 1171 1268 1232 morie
1291 1188 1406 1232 meam.

489 1275 506 1305 ‘⁶
528 1267 682 1334 Forsitan
703 1267 757 1333 hio
778 1266 860 1332 elias
882 1266 983 1332 simili
1004 1266 1135 1334 ratione
1157 1266 1327 1349 morerer,³

534 1379 552 1407 “
576 1369 738 1458 Quoque⁴
758 1369 856 1436 modo
879 1373 994 1436 teneor
1016 1369 1128 1435 nunc⁵
1149 1371 1310 1437 retinerer
1331 1371 1419 1437 item.

490 1479 508 1508 “
531 1471 568 1538 Si
590 1495 664 1540 mes
686 1473 791 1538 cauda
813 1471 911 1537 modo
933 1471 1034 1537 fuerit
1056 1471 1188 1550 succisa,
1209 1494 1376 1560 regressus

534 1582 552 1611 ‘⁶
574 1575 692 1642 ‘lurior
713 1575 767 1640 hio
789 1574 897 1640 ederit
919 1595 1018 1660 quom
1040 1573 1106 1639 fuis
1128 1578 1207 1640 ante
1230 1575 1320 1640 mihi.

491 1682 507 1711 “
530 1676 681 1755 Parvula,
706 1677 735 1741 si
757 1697 898 1762 peream,
922 1697 1048 1740 meeum
1071 1697 1146 1741 mes
1166 1681 1248 1742 noto
1269 1675 1401 1763 peribit,

533 1783 551 1814 “
575 1777 683 1859 Quam
706 1777 855 1842 nondum
878 1777 1034 1864 quintum
1056 1782 1188 1844 constet
1209 1778 1330 1845 hebere
1353 1778 1447 1844 diem.

491 1886 508 1913 “
532 1878 577 1945 Et
600 1881 628 1944 si
650 1900 719 1944 non
740 1901 874 1966 prome
897 1878 1016 1944 faciam
1037 1879 1121 1943 mihi
1143 1879 1232 1958 telis,
1256 1880 1375 1945 saltem

535 1987 554 2015 “
577 1979 717 2068 Propter
739 2001 812 2046 earn
834 1981 907 2046 fieri
930 1981 1026 2068 cogit,
1050 1985 1181 2068 oporiet
1203 1983 1258 2047 iis

489 2085 508 2116 “
531 2081 684 2168 Corporis
706 2081 776 2148 haec
798 2082 903 2148 nostri
926 2104 1003 2170 pars
1026 2087 1084 2161 est,
1109 2103 1210 2168 quem
1233 2083 1333 2148 dente
1355 2081 1480 2170 procaci

535 2190 554 2220 “
578 2183 783 2250 Consuevere
806 2206 900 2250 canes
923 2184 1099 2250 dilacerare
1121 2185 1222 2272 prius.

490 2290 509 2320 “
531 2286 781 2374 Dimidiumque
803 2287 870 2354 fere
888 2286 960 2372 jem
982 2287 1109 2373 pridem
1131 2285 1355 2374 surripuere3⁰

534 2393 552 2422 “
574 2388 653 2454 Heu
676 2389 781 2455 mihil
814 2385 924 2475 quod⁷
946 2389 1110 2474 reliquum
1131 2389 1259 2454 restitib
1281 2410 1384 2475 usquc
1406 2386 1524 2454 modo?

487 2495 504 2524 “
528 2488 625 2570 Quod
647 2495 795 2578 superest
817 2491 952 2556 canibus
974 2490 1082 2576 placet
1104 2489 1166 2556 hoc
1187 2491 1376 2577 impendere
1397 2497 1491 2568 nstae,

532 2600 552 2632 “
575 2591 713 2679 Hocque
736 2592 829 2679 pium
851 2593 933 2658 sciis
956 2596 1016 2670 eei,
1040 2591 1166 2678 hocque
1189 2591 1319 2658 salubre
1342 2593 1431 2657 mihi.

489 2701 506 2728 “
530 2694 617 2781 Ergo
640 2695 721 2780 quid
745 2695 895 2774 ulterius,
919 2717 993 2780 quae
1017 2715 1090 2760 sum
1113 2695 1250 2774 facture,
1272 2697 1433 2773 morabor,

532 2800 550 2830 “
574 2795 710 2860 Ossibus
733 2797 769 2860 in
791 2797 883 2862 duris
905 2795 1083 2861 accelerare
1102 2795 1228 2881 juvat.”

486 2894 593 2973 Dixit,
616 2900 650 2961 et
672 2901 839 2983 orrepiam
862 2897 999 2963 caudam
1022 2897 1164 2984 pugione
1187 2896 1314 2978 recidit,

529 2995 771 3084 Fesoinensque
794 2998 927 3063 domurn
950 3021 1081 3085 carpere
1104 2999 1207 3086 coepit
1229 3000 1302 3066 iser.
1431 3025 1436 3033 ·

483 3099 575 3164 Ante
598 3104 711 3164 temen
734 3098 865 3164 eruduit
886 3101 1010 3165 ferrum
1032 3107 1190 3187 praestore
1211 3100 1323 3180 sorori,

529 3199 643 3266 Posset
666 3206 705 3266 ut
728 3222 748 3267 o
770 3201 872 3266 simili
894 3202 1022 3267 solvere
1044 3203 1154 3268 vinclo
1177 3202 1251 3267 sibi.

483 3301 550 3369 Sed
571 3303 682 3367 minus
704 3304 775 3369 haec
796 3325 950 3390 praeceps,
967 3304 1175 3390 prudensque
1198 3303 1312 3390 magis,
1334 3299 1519 3389 petienter⁸

528 3405 638 3472 Verbo
660 3405 749 3482 culis,
772 3405 927 3471 cohibens
950 3427 971 3469 a
993 3405 1135 3492 pugione
1157 3426 1300 3470 manum.

816 3688 1002 3779 Responsio
1025 3694 1205 3761 Brurrettce.

485 3837 603 3907 Postea
626 3845 823 3930 respondens
847 3847 957 3926 dixit,¹³
979 3858 997 3885 “
1014 3849 1111 3931 Quid,
1134 3850 1256 3939 inepte,
1280 3848 1430 3916 labores?

530 3948 548 3977 “
571 3942 668 4024 Quod
690 3945 773 4010 mihi
795 3950 993 4033 persuades?
1037 3951 1137 4018 Absit
1160 3957 1200 4016 ui
1222 3951 1306 4016 illud
1328 3955 1443 4038 ogemi
1507 4025 1511 4031 ‚

485 4053 502 4079 “
525 4044 637 4111 Rebus
659 4047 696 4111 in
718 4048 866 4116 adversis
888 4073 971 4138 opus
994 4058 1045 4119 est
1067 4053 1290 4119 moderamine
1312 4050 1453 4131 muloofl⁰

528 4154 546 4184 “
569 4149 646 4214 Non
669 4149 761 4216 decet
783 4151 820 4215 in
841 4154 998 4239 gravibus
1020 4155 1227 4244 praecipitere
1249 4155 1397 4242 gradum.

515 4463 522 4496 ¹
535 4481 618 4529 carne,
630 4466 659 4519 P.
688 4483 740 4518 cum
752 4470 870 4532 sanquine
883 4468 941 4533 tolli,
952 4471 982 4522 B.
1062 4473 1072 4506 ⁶
1083 4472 1241 4538 subrepsere,
1254 4473 1288 4524 A.

1060 4551 1071 4588 ⁷
1084 4551 1150 4616 quid,
1162 4554 1192 4603 P.

1060 4631 1071 4662 ⁸
1080 4631 1190 4696 prudens
1201 4631 1278 4695 mnqie
1290 4637 1312 4681 et
1324 4631 1453 4696 sapienter,
1465 4631 1492 4680 P.

1061 4710 1071 4740 ⁰
1084 4709 1150 4771 dicit,
1164 4711 1192 4760 1‘.

1060 4788 1080 4820 ¹⁰
1092 4789 1247 4841 medicamine
1259 4791 1348 4856 multis,
1359 4789 1388 4841 P.
