3524 5802
551 896 692 946 menum
716 896 897 946 srncunuu
921 895 1135 948 srunronuu.
1326 885 1368 956 27

319 1068 389 1133 “.Ο
411 1088 512 1154 quum
534 1065 692 1154 perdures
715 1065 817 1131 habet
839 1065 1053 1152 impatientis
1075 1067 1178 1134 fines!

362 1174 380 1204 “
403 1169 577 1254 Quemque
598 1168 684 1233 solet
706 1189 849 1254 praeeeps
872 1167 985 1234 exitus
1007 1190 1078 1234 esee
1099 1170 1233 1258 gravis!

318 1275 335 1305 “
357 1270 418 1336 Vae
432 1270 516 1335 mihi
531 1274 537 1333 !
560 1291 613 1336 vae
635 1269 762 1335 miserae
775 1274 782 1334 1
805 1291 858 1334 vse
881 1291 1054 1357 nunquam
1068 1293 1137 1336 non
1151 1272 1345 1339 miserandae
1359 1273 1367 1338 Ξ

363 1379 380 1406 “
403 1372 471 1454 Vae,
495 1372 550 1437 cui
572 1371 622 1437 nil
644 1371 711 1436 nisi
733 1393 786 1438 vae
809 1377 941 1459 tempus
964 1373 1001 1437 in
1024 1395 1120 1440 omne
1142 1379 1276 1440 munet!

317 1479 335 1508 “
359 1473 419 1540 Vae
440 1474 544 1539 mihi!
583 1473 674 1561 quod
708 1495 769 1562 ego
801 1473 915 1540 nunc¹
953 1473 1106 1542 cunctis8
1142 1477 1370 1544 animantibus

407 1582 426 1611 ‘t
447 1599 516 1642 una

363 1683 381 1712 “
404 1678 486 1744 Sum
509 1681 588 1746 dstc
610 1677 779 1746 ludibrio8
801 1682 932 1765 tempus
953 1679 991 1743 in
1014 1701 1111 1770 omne
1133 1702 1251 1747 meum.

319 1787 336 1814 “
361 1781 430 1847 Our
452 1781 536 1848 mihi
558 1805 634 1848 cum
656 1783 761 1848 ccudn
783 1803 851 1847 non
874 1785 924 1846 est
946 1803 1020 1846 mec
1042 1783 1116 1848 vitu
1137 1783 1249 1862 recise,

363 1888 381 1917 “
404 1883 455 1950 Ut
477 1890 578 1972 caput
600 1891 635 1950 ct
658 1884 763 1950 caude
786 1883 980 1949 continuate
1002 1884 1134 1950 forent?

318 1991 336 2019 “
359 1983 428 2050 Our
450 2008 517 2052 non
539 1993 628 2052 terre
649 1987 765 2074 prius?
787 2007 845 2051 cur
867 2007 934 2050 non
956 1986 1130 2052 absorbuit
1152 1989 1243 2054 undu

364 2093 381 2122 “
404 2087 619 2154 Fluminist⁴
639 2092 700 2153 aut
723 2089 830 2154 missis
853 2089 987 2174 ignibus
1010 2093 1087 2154 usta
1108 2089 1182 2155 fuir

318 2195 335 2222 “
359 2188 505 2276 Quaeque
527 2192 627 2256 nimis
649 2212 801 2278 praeceps,
824 2213 893 2256 non
916 2212 990 2256 mes
1009 2190 1106 2255 fetc⁵
1130 2197 1241 2258 secute

364 2296 381 2325 “
404 2293 577 2358 Montibus
600 2314 617 2358 e
640 2293 777 2358 summis
799 2293 1008 2378 praecipitets
1030 2294 1108 2356 ruit

320 2399 337 2426 “
362 2392 441 2460 Heu
463 2395 567 2459 mihil
590 2416 649 2460 cur
670 2394 782 2480 laquei
803 2394 925 2458 circum
947 2416 1020 2459 mea
1043 2398 1183 2480 gutture
1205 2396 1297 2462 missi

365 2501 383 2530 “
405 2496 521 2562 Vitem
544 2517 619 2562 cum
641 2496 726 2561 vitio
748 2517 814 2561 non
836 2516 973 2581 rapuere
995 2499 1091 2560 meo?

320 2603 337 2631 “
362 2596 431 2664 Gur
451 2619 520 2663 non
541 2619 629 2662 mors
651 2597 764 2662 subita
786 2597 901 2676 vitum,
924 2596 978 2660 vel
1000 2597 1147 2664 sonticus
1168 2597 1253 2665 ille⁶

365 2705 383 2734 “
406 2699 543 2764 Morbus
565 2697 766 2778 ademisset!
788 2699 846 2784 qui
868 2719 973 2784 vagus
996 2720 1066 2764 esse
1088 2701 1194 2766 soleti

319 2807 337 2835 “
361 2800 451 2882 Quid
474 2803 614 2886 querort
636 2821 703 2866 unc
724 2799 808 2864 mihi
830 2803 981 2886 superest
1003 2801 1169 2866 medicina
1191 2803 1341 2887 doloris,1

364 2908 381 2936 ‘⁴
404 2901 494 2965 Mors
517 2901 591 2982 cite,
614 2923 690 2986 quae
713 2900 783 2965 solu
805 2900 931 2965 solvere
954 2905 1075 2966 cuncta
1097 2902 1189 2968 solet

319 3011 337 3038 “
361 3003 432 3068 Nec
454 3023 546 3068 more.
569 3003 651 3090 quin
673 3001 790 3082 solvet,
809 3001 880 3086 jam
904 3001 1122 3069 formidabilis
1144 3010 1244 3071 cestus

363 3111 381 3139 “
405 3104 573 3184 Imminet,
596 3105 668 3169 exit
690 3103 803 3184 hiems,
827 3125 904 3170 vere
918 3105 1064 3191 rigente
1085 3127 1181 3172 novo.

319 3215 336 3242 “
359 3204 485 3271 Vivet8
506 3207 543 3270 in
566 3206 753 3292 exemplum
775 3206 907 3293 populis
929 3207 1091 3273 moritura
1113 3207 1271 3291 Bicornis,

364 3313 382 3343 “
405 3308 556 3374 Instruet
579 3312 614 3372 et
637 3304 780 3372 stultos⁹
802 3307 1015 3394 simplicitate
1038 3329 1108 3374 suc.

320 3418 338 3446 “
362 3410 500 3476 Discunt
521 3408 707 3495 praecipites
730 3412 765 3474 et
786 3429 869 3493 quos
891 3429 984 3473 merc
1006 3410 1099 3475 nulls
1120 3413 1280 3494 retardat,

366 3518 383 3548 “
406 3511 461 3576 Ne
482 3510 582 3576 nimis
604 3509 786 3576 accelerent
808 3511 845 3574 in
867 3531 927 3574 sue
949 3510 1071 3576 dumne
1092 3534 1217 3578 munus

322 3621 339 3649 “
362 3615 441 3679 Non
463 3617 596 3700 reputet
618 3613 785 3678 modicum
807 3612 938 3678 modico
961 3618 1118 3678 contente
1138 3617 1300 3704 voluptas,

366 3721 384 3750 “
407 3716 473 3780 Res
496 3715 536 3778 de
558 3713 722 3801 postfacto
730 3710 755 3751 ¹⁰
776 3715 867 3799 qnod
889 3713 956 3778 fuit
979 3718 1057 3779 ente
1080 3715 1181 3782 docet.

322 3825 340 3852 “
363 3815 433 3882 Nec
456 3815 621 3881 medicum
644 3815 819 3901 quicquam
842 3819 985 3900 reputet,
1009 3817 1038 3881 si
1059 3820 1207 3906 tempore
1229 3823 1346 3908 quovis

367 3925 384 3953 “
407 3917 562 3984 Fortuito
585 3939 662 3984 cusu
684 3917 819 4004 perdere
841 3917 946 4004 possit
958 3915 982 3956 ¹¹
1005 3917 1100 3987 idem.

322 4026 339 4054 “
362 4020 476 4086 Ocudc
496 4023 594 4085 nocet
615 4019 718 4107 capiti
739 4019 881 4106 proprie,
904 4019 1120 4107 prohibetque
1143 4020 1255 4089 timeri
1389 4083 1394 4090 .

367 4127 385 4156 “
409 4121 550 4202 Cornus,
573 4121 653 4186 dum
675 4125 833 4187 metuunt
855 4123 1037 4208 posteriora
1058 4124 1161 4209 sequi.

1213 4153 1317 4282 s

356 4403 441 4452 ¹nunc
451 4400 511 4466 quid
520 4417 571 4467 eqo,
582 4400 613 4450 P.
901 4398 996 4460 ⁸illum,
1008 4399 1037 4450 P.
1238 4462 1240 4468 y

355 4479 424 4530 ’Me
435 4481 559 4530 misnam!
580 4477 645 4544 quod
662 4495 703 4545 cqc
719 4481 822 4542 mactis,
901 4477 1072 4608 :efficiet
1084 4479 1115 4531 B.

348 4597 367 4672 ⁸⁸
377 4635 516 4699 ludibrium,
526 4637 557 4688 B.
902 4637 912 4669 ⁹
925 4595 1018 4699 multci,
1028 4636 1060 4687 B.

356 4718 366 4750 ⁴
378 4715 505 4777 Fulminis³
517 4717 548 4766 Β.
903 4713 924 4748 ¹⁰
936 4722 959 4766 te
967 4716 1136 4783 postfactum,
1146 4719 1174 4770 P.

355 4797 543 4846 ‘curucam
546 4795 634 4859 sacta,
645 4794 675 4844 B.
904 4795 922 4826 ¹¹
930 4802 1021 4860 poscet,
1032 4795 1062 4847 P.

323 4561 347 4611 B
