<?xml version="1.0" encoding="UTF-8"?>
<!DOCTYPE html PUBLIC "-//W3C//DTD XHTML 1.0 Transitional//EN"
    "http://www.w3.org/TR/xhtml1/DTD/xhtml1-transitional.dtd">
<html xmlns="http://www.w3.org/1999/xhtml" xml:lang="en" lang="en">
 <head>
  <title>
</title>
<meta http-equiv="Content-Type" content="text/html;charset=utf-8" />
  <meta name='ocr-system' content='tesseract 3.04.00' />
  <meta name='ocr-capabilities' content='ocr_page ocr_carea ocr_par ocr_line ocrx_word'/>
</head>
<body>
  <div class='ocr_page' id='page_1' title='image "anglolatinsatir00wriggoog_0071.png"; bbox 0 0 3524 5802; ppageno 0'>
   <div class='ocr_carea' id='block_1_1' title="bbox 528 875 1341 938">
    <p class='ocr_par' dir='ltr' id='par_1_1' title="bbox 528 875 1341 938">
     <span class='ocr_line' id='line_1_1' title="bbox 528 875 1341 938; baseline 0.006 -6"><span class='ocrx_word' id='word_1_1' title='bbox 528 882 669 933; x_wconf 78' lang='lat' dir='ltr'><strong>ursum</strong></span> <span class='ocrx_word' id='word_1_2' title='bbox 691 883 873 935; x_wconf 79' lang='lat' dir='ltr'><strong>srucuuusr</strong></span> <span class='ocrx_word' id='word_1_3' title='bbox 896 884 1109 937; x_wconf 74' lang='lat' dir='ltr'><strong>sonorosus.</strong></span> <span class='ocrx_word' id='word_1_4' title='bbox 1299 875 1341 938; x_wconf 80' lang='lat'><strong>:33</strong></span> 
     </span>
    </p>
   </div>
   <div class='ocr_carea' id='block_1_2' title="bbox 287 1039 1250 2267">
    <p class='ocr_par' dir='ltr' id='par_1_2' title="bbox 287 1039 1250 2267">
     <span class='ocr_line' id='line_1_2' title="bbox 292 1039 1124 1140; baseline 0.005 -19"><span class='ocrx_word' id='word_1_5' title='bbox 292 1061 311 1090; x_wconf 90' lang='lat'>“</span> <span class='ocrx_word' id='word_1_6' title='bbox 334 1039 490 1124; x_wconf 79' lang='lat' dir='ltr'><strong>Pluribus</strong></span> <span class='ocrx_word' id='word_1_7' title='bbox 512 1077 547 1124; x_wconf 88' lang='lat' dir='ltr'><strong>es</strong></span> <span class='ocrx_word' id='word_1_8' title='bbox 568 1061 670 1124; x_wconf 87' lang='lat' dir='ltr'><strong>notus</strong></span> <span class='ocrx_word' id='word_1_9' title='bbox 690 1078 818 1124; x_wconf 77' lang='lat' dir='ltr'><strong>necnon</strong></span> <span class='ocrx_word' id='word_1_10' title='bbox 841 1057 980 1124; x_wconf 85' lang='lat' dir='ltr'><strong>dilectus</strong></span> <span class='ocrx_word' id='word_1_11' title='bbox 1003 1060 1124 1140; x_wconf 85' lang='lat' dir='ltr'><strong>amicis,</strong></span> 
     </span>
     <span class='ocr_line' id='line_1_3' title="bbox 337 1157 1250 1247; baseline 0.003 -23"><span class='ocrx_word' id='word_1_12' title='bbox 337 1165 355 1194; x_wconf 90' lang='lat'><strong>“</strong></span> <span class='ocrx_word' id='word_1_13' title='bbox 378 1157 445 1242; x_wconf 78' lang='lat' dir='ltr'><strong>Qui</strong></span> <span class='ocrx_word' id='word_1_14' title='bbox 468 1159 531 1227; x_wconf 85' lang='lat' dir='ltr'><strong>tibi</strong></span> <span class='ocrx_word' id='word_1_15' title='bbox 553 1159 752 1226; x_wconf 76' lang='lat' dir='ltr'><strong>subvenient</strong></span> <span class='ocrx_word' id='word_1_16' title='bbox 773 1159 978 1247; x_wconf 84' lang='lat' dir='ltr'><strong>magnaque¹</strong></span> <span class='ocrx_word' id='word_1_17' title='bbox 1003 1161 1091 1226; x_wconf 88' lang='lat' dir='ltr'><strong>dona</strong></span> <span class='ocrx_word' id='word_1_18' title='bbox 1112 1161 1250 1228; x_wconf 88' lang='lat' dir='ltr'><strong>dabunt.</strong></span> 
     </span>
     <span class='ocr_line' id='line_1_4' title="bbox 292 1259 1153 1350; baseline 0.003 -25"><span class='ocrx_word' id='word_1_19' title='bbox 292 1265 310 1294; x_wconf 90' lang='lat'>“</span> <span class='ocrx_word' id='word_1_20' title='bbox 332 1259 488 1327; x_wconf 83' lang='lat' dir='ltr'><strong>Forsitan</strong></span> <span class='ocrx_word' id='word_1_21' title='bbox 509 1281 553 1326; x_wconf 85' lang='lat' dir='ltr'><strong>ex</strong></span> <span class='ocrx_word' id='word_1_22' title='bbox 575 1261 664 1328; x_wconf 83' lang='lat' dir='ltr'><strong>facili</strong></span> <span class='ocrx_word' id='word_1_23' title='bbox 686 1265 843 1350; x_wconf 88' lang='lat' dir='ltr'><strong>poterunt</strong></span> <span class='ocrx_word' id='word_1_24' title='bbox 865 1263 988 1348; x_wconf 87' lang='lat' dir='ltr'><strong>speeies</strong></span> <span class='ocrx_word' id='word_1_25' title='bbox 1010 1263 1153 1350; x_wconf 86' lang='lat' dir='ltr'><strong>reperiri,</strong></span> 
     </span>
     <span class='ocr_line' id='line_1_5' title="bbox 337 1362 1118 1453; baseline 0.003 -25"><span class='ocrx_word' id='word_1_26' title='bbox 337 1369 354 1397; x_wconf 90' lang='lat'>“</span> <span class='ocrx_word' id='word_1_27' title='bbox 377 1362 448 1430; x_wconf 89' lang='lat' dir='ltr'><strong>Nec</strong></span> <span class='ocrx_word' id='word_1_28' title='bbox 469 1367 582 1430; x_wconf 88' lang='lat' dir='ltr'><strong>tamen</strong></span> <span class='ocrx_word' id='word_1_29' title='bbox 604 1385 647 1429; x_wconf 85' lang='lat' dir='ltr'><strong>ex</strong></span> <span class='ocrx_word' id='word_1_30' title='bbox 670 1363 759 1430; x_wconf 83' lang='lat' dir='ltr'><strong>facili</strong></span> <span class='ocrx_word' id='word_1_31' title='bbox 781 1363 943 1430; x_wconf 90' lang='lat' dir='ltr'><strong>credimus</strong></span> <span class='ocrx_word' id='word_1_32' title='bbox 965 1365 1024 1430; x_wconf 88' lang='lat' dir='ltr'><strong>ilia</strong></span> <span class='ocrx_word' id='word_1_33' title='bbox 1045 1366 1118 1453; x_wconf 86' lang='lat' dir='ltr'><strong>legi</strong></span> 
     </span>
     <span class='ocr_line' id='line_1_6' title="bbox 291 1463 1138 1552; baseline 0.006 -24"><span class='ocrx_word' id='word_1_34' title='bbox 291 1467 309 1498; x_wconf 87' lang='lat'>“</span> <span class='ocrx_word' id='word_1_35' title='bbox 330 1463 418 1530; x_wconf 87' lang='lat' dir='ltr'><strong>Vasa</strong></span> <span class='ocrx_word' id='word_1_36' title='bbox 440 1465 497 1531; x_wconf 90' lang='lat' dir='ltr'><strong>sed</strong></span> <span class='ocrx_word' id='word_1_37' title='bbox 520 1471 555 1530; x_wconf 89' lang='lat' dir='ltr'><strong>et</strong></span> <span class='ocrx_word' id='word_1_38' title='bbox 577 1469 686 1532; x_wconf 84' lang='lat' dir='ltr'><strong>tecum</strong></span> <span class='ocrx_word' id='word_1_39' title='bbox 710 1466 859 1552; x_wconf 87' lang='lat' dir='ltr'><strong>portabis</strong></span> <span class='ocrx_word' id='word_1_40' title='bbox 882 1466 1002 1532; x_wconf 89' lang='lat' dir='ltr'><strong>idonea</strong></span> <span class='ocrx_word' id='word_1_41' title='bbox 1023 1467 1138 1545; x_wconf 86' lang='lat' dir='ltr'><strong>multa,</strong></span> 
     </span>
     <span class='ocr_line' id='line_1_7' title="bbox 336 1565 1181 1654; baseline 0.005 -24"><span class='ocrx_word' id='word_1_42' title='bbox 336 1572 354 1601; x_wconf 89' lang='lat'>“</span> <span class='ocrx_word' id='word_1_43' title='bbox 377 1565 421 1631; x_wconf 91' lang='lat' dir='ltr'><strong>In</strong></span> <span class='ocrx_word' id='word_1_44' title='bbox 443 1567 564 1654; x_wconf 87' lang='lat' dir='ltr'><strong>quibus</strong></span> <span class='ocrx_word' id='word_1_45' title='bbox 586 1573 621 1634; x_wconf 88' lang='lat' dir='ltr'><strong>et</strong></span> <span class='ocrx_word' id='word_1_46' title='bbox 643 1565 789 1634; x_wconf 76' lang='lat' dir='ltr'><strong>referes²</strong></span> <span class='ocrx_word' id='word_1_47' title='bbox 811 1567 864 1634; x_wconf 90' lang='lat' dir='ltr'><strong>hie</strong></span> <span class='ocrx_word' id='word_1_48' title='bbox 886 1567 1046 1634; x_wconf 87' lang='lat' dir='ltr'><strong>habitura</strong></span> <span class='ocrx_word' id='word_1_49' title='bbox 1066 1569 1181 1634; x_wconf 89' lang='lat' dir='ltr'><strong>locum.</strong></span> 
     </span>
     <span class='ocr_line' id='line_1_8' title="bbox 291 1665 1175 1756; baseline 0.002 -22"><span class='ocrx_word' id='word_1_50' title='bbox 291 1672 308 1700; x_wconf 89' lang='lat'>“</span> <span class='ocrx_word' id='word_1_51' title='bbox 332 1665 421 1734; x_wconf 82' lang='lat' dir='ltr'><strong>Oura</strong></span> <span class='ocrx_word' id='word_1_52' title='bbox 442 1668 598 1756; x_wconf 78' lang='lat' dir='ltr'><strong>laborque</strong></span> <span class='ocrx_word' id='word_1_53' title='bbox 619 1669 718 1734; x_wconf 91' lang='lat' dir='ltr'><strong>simul</strong></span> <span class='ocrx_word' id='word_1_54' title='bbox 740 1669 825 1736; x_wconf 86' lang='lat' dir='ltr'><strong>solet</strong></span> <span class='ocrx_word' id='word_1_55' title='bbox 847 1670 1075 1736; x_wconf 71' lang='lat' dir='ltr'><strong>exactissimus</strong></span> <span class='ocrx_word' id='word_1_56' title='bbox 1097 1691 1175 1751; x_wconf 87' lang='lat' dir='ltr'><strong>esse,</strong></span> 
     </span>
     <span class='ocr_line' id='line_1_9' title="bbox 335 1769 1103 1860; baseline 0.004 -25"><span class='ocrx_word' id='word_1_57' title='bbox 335 1775 354 1805; x_wconf 88' lang='lat'><strong>“</strong></span> <span class='ocrx_word' id='word_1_58' title='bbox 375 1769 429 1836; x_wconf 88' lang='lat' dir='ltr'><strong>Ne</strong></span> <span class='ocrx_word' id='word_1_59' title='bbox 451 1771 536 1837; x_wconf 88' lang='lat' dir='ltr'><strong>malo</strong></span> <span class='ocrx_word' id='word_1_60' title='bbox 558 1771 737 1860; x_wconf 72' lang='lat' dir='ltr'><strong>depereant</strong></span> <span class='ocrx_word' id='word_1_61' title='bbox 758 1771 843 1838; x_wconf 84' lang='lat' dir='ltr'><strong>lacta</strong></span> <span class='ocrx_word' id='word_1_62' title='bbox 864 1771 991 1838; x_wconf 80' lang='lat' dir='ltr'><strong>loea1e³</strong></span> <span class='ocrx_word' id='word_1_63' title='bbox 1013 1773 1103 1838; x_wconf 87' lang='lat' dir='ltr'><strong>bene.</strong></span> 
     </span>
     <span class='ocr_line' id='line_1_10' title="bbox 288 1870 1210 1962; baseline 0.002 -24"><span class='ocrx_word' id='word_1_64' title='bbox 288 1877 306 1906; x_wconf 91' lang='lat'><strong>“</strong></span> <span class='ocrx_word' id='word_1_65' title='bbox 330 1870 458 1938; x_wconf 79' lang='lat' dir='ltr'><strong>Cuncta</strong></span> <span class='ocrx_word' id='word_1_66' title='bbox 479 1872 587 1940; x_wconf 88' lang='lat' dir='ltr'><strong>locata</strong></span> <span class='ocrx_word' id='word_1_67' title='bbox 608 1875 700 1956; x_wconf 90' lang='lat' dir='ltr'><strong>bene,</strong></span> <span class='ocrx_word' id='word_1_68' title='bbox 725 1873 878 1960; x_wconf 80' lang='lat' dir='ltr'><strong>vasisque</strong></span> <span class='ocrx_word' id='word_1_69' title='bbox 899 1873 1071 1940; x_wconf 74' lang='lat' dir='ltr'><strong>recondite</strong></span> <span class='ocrx_word' id='word_1_70' title='bbox 1092 1873 1210 1962; x_wconf 79' lang='lat' dir='ltr'><strong>dignis,</strong></span> 
     </span>
     <span class='ocr_line' id='line_1_11' title="bbox 334 1973 1077 2062; baseline 0.004 -24"><span class='ocrx_word' id='word_1_71' title='bbox 334 1980 351 2008; x_wconf 93' lang='lat'><strong>“</strong></span> <span class='ocrx_word' id='word_1_72' title='bbox 374 1973 522 2040; x_wconf 83' lang='lat' dir='ltr'><strong>Tracteri</strong></span> <span class='ocrx_word' id='word_1_73' title='bbox 544 1979 702 2062; x_wconf 85' lang='lat' dir='ltr'><strong>poterunt</strong></span> <span class='ocrx_word' id='word_1_74' title='bbox 724 1974 854 2041; x_wconf 75' lang='lat' dir='ltr'><strong>tutius⁴</strong></span> <span class='ocrx_word' id='word_1_75' title='bbox 875 1979 978 2061; x_wconf 88' lang='lat' dir='ltr'><strong>atque</strong></span> <span class='ocrx_word' id='word_1_76' title='bbox 999 1976 1077 2062; x_wconf 87' lang='lat' dir='ltr'><strong>geri.</strong></span> 
     </span>
     <span class='ocr_line' id='line_1_12' title="bbox 287 2075 1247 2164; baseline 0.001 -23"><span class='ocrx_word' id='word_1_77' title='bbox 287 2081 305 2111; x_wconf 91' lang='lat'>“</span> <span class='ocrx_word' id='word_1_78' title='bbox 328 2075 452 2142; x_wconf 86' lang='lat' dir='ltr'><strong>Mentis</strong></span> <span class='ocrx_word' id='word_1_79' title='bbox 475 2077 574 2143; x_wconf 86' lang='lat' dir='ltr'><strong>hebes</strong></span> <span class='ocrx_word' id='word_1_80' title='bbox 596 2077 749 2164; x_wconf 87' lang='lat' dir='ltr'><strong>quamvis</strong></span> <span class='ocrx_word' id='word_1_81' title='bbox 770 2099 839 2143; x_wconf 93' lang='lat' dir='ltr'><strong>non</strong></span> <span class='ocrx_word' id='word_1_82' title='bbox 862 2077 916 2158; x_wconf 90' lang='lat' dir='ltr'><strong>sis,</strong></span> <span class='ocrx_word' id='word_1_83' title='bbox 939 2077 977 2142; x_wconf 92' lang='lat' dir='ltr'><strong>in</strong></span> <span class='ocrx_word' id='word_1_84' title='bbox 999 2078 1084 2164; x_wconf 87' lang='lat' dir='ltr'><strong>pelle</strong></span> <span class='ocrx_word' id='word_1_85' title='bbox 1106 2078 1247 2159; x_wconf 89' lang='lat' dir='ltr'><strong>notabis,</strong></span> 
     </span>
     <span class='ocr_line' id='line_1_13' title="bbox 332 2179 1132 2267; baseline 0.003 -21"><span class='ocrx_word' id='word_1_86' title='bbox 332 2184 350 2213; x_wconf 93' lang='lat'><strong>“</strong></span> <span class='ocrx_word' id='word_1_87' title='bbox 374 2179 523 2246; x_wconf 80' lang='lat' dir='ltr'><strong>Scribere</strong></span> <span class='ocrx_word' id='word_1_88' title='bbox 544 2201 623 2246; x_wconf 88' lang='lat' dir='ltr'><strong>nam</strong></span> <span class='ocrx_word' id='word_1_89' title='bbox 645 2179 734 2245; x_wconf 88' lang='lat' dir='ltr'><strong>nosti</strong></span> <span class='ocrx_word' id='word_1_90' title='bbox 757 2201 824 2266; x_wconf 91' lang='lat' dir='ltr'><strong>qua</strong></span> <span class='ocrx_word' id='word_1_91' title='bbox 846 2179 952 2266; x_wconf 88' lang='lat' dir='ltr'><strong>specie</strong></span> <span class='ocrx_word' id='word_1_92' title='bbox 975 2180 1020 2245; x_wconf 84' lang='lat' dir='ltr'><strong>sit</strong></span> <span class='ocrx_word' id='word_1_93' title='bbox 1043 2201 1132 2267; x_wconf 89' lang='lat' dir='ltr'><strong>opus.</strong></span> 
     </span>
    </p>
   </div>
   <div class='ocr_carea' id='block_1_3' title="bbox 290 2388 1337 2582">
    <p class='ocr_par' dir='ltr' id='par_1_3' title="bbox 290 2388 1337 2582">
     <span class='ocr_line' id='line_1_14' title="bbox 290 2388 1337 2478; baseline 0.004 -22"><span class='ocrx_word' id='word_1_94' title='bbox 290 2388 486 2477; x_wconf 81' lang='lat' dir='ltr'><strong>[Receptum</strong></span> <span class='ocrx_word' id='word_1_95' title='bbox 508 2392 599 2478; x_wconf 75' lang='lat' dir='ltr'><strong>quod</strong></span> <span class='ocrx_word' id='word_1_96' title='bbox 620 2392 714 2459; x_wconf 80' lang='lat' dir='ltr'><strong>dedit</strong></span> <span class='ocrx_word' id='word_1_97' title='bbox 738 2392 905 2460; x_wconf 68' lang='lat' dir='ltr'><strong>doliceus</strong></span> <span class='ocrx_word' id='word_1_98' title='bbox 927 2393 1093 2462; x_wconf 74' lang='lat' dir='ltr'><strong>Bccnetlo</strong></span> <span class='ocrx_word' id='word_1_99' title='bbox 1115 2393 1161 2460; x_wconf 85' lang='lat' dir='ltr'><strong>od</strong></span> <span class='ocrx_word' id='word_1_100' title='bbox 1188 2393 1337 2462; x_wconf 77' lang='lat' dir='ltr'><strong>cosdem</strong></span> 
     </span>
     <span class='ocr_line' id='line_1_15' title="bbox 654 2493 957 2582; baseline -0.003 -21"><span class='ocrx_word' id='word_1_101' title='bbox 654 2493 957 2582; x_wconf 59' lang='lat' dir='ltr'><strong>promendam]</strong></span> 
     </span>
    </p>
   </div>
   <div class='ocr_carea' id='block_1_4' title="bbox 285 2624 1242 4238">
    <p class='ocr_par' dir='ltr' id='par_1_4' title="bbox 289 2624 1179 2816">
     <span class='ocr_line' id='line_1_16' title="bbox 289 2624 1179 2716; baseline 0.006 -25"><span class='ocrx_word' id='word_1_102' title='bbox 289 2630 306 2658; x_wconf 90' lang='lat'><strong>“</strong></span> <span class='ocrx_word' id='word_1_103' title='bbox 330 2624 413 2692; x_wconf 85' lang='lat' dir='ltr'><strong>Haeo</strong></span> <span class='ocrx_word' id='word_1_104' title='bbox 434 2633 514 2693; x_wconf 89' lang='lat' dir='ltr'><strong>sunt</strong></span> <span class='ocrx_word' id='word_1_105' title='bbox 537 2649 611 2714; x_wconf 78' lang='lat' dir='ltr'><strong>quae</strong></span> <span class='ocrx_word' id='word_1_106' title='bbox 633 2627 752 2695; x_wconf 84' lang='lat' dir='ltr'><strong>referes</strong></span> <span class='ocrx_word' id='word_1_107' title='bbox 775 2628 878 2693; x_wconf 85' lang='lat' dir='ltr'><strong>variis</strong></span> <span class='ocrx_word' id='word_1_108' title='bbox 900 2629 1032 2716; x_wconf 87' lang='lat' dir='ltr'><strong>signata</strong></span> <span class='ocrx_word' id='word_1_109' title='bbox 1053 2629 1179 2716; x_wconf 79' lang='lat' dir='ltr'><strong>sigillis,</strong></span> 
     </span>
     <span class='ocr_line' id='line_1_17' title="bbox 334 2727 1125 2816; baseline 0.003 -24"><span class='ocrx_word' id='word_1_110' title='bbox 334 2734 351 2761; x_wconf 92' lang='lat'><strong>“</strong></span> <span class='ocrx_word' id='word_1_111' title='bbox 375 2727 428 2794; x_wconf 86' lang='lat' dir='ltr'><strong>Ne</strong></span> <span class='ocrx_word' id='word_1_112' title='bbox 450 2734 588 2815; x_wconf 86' lang='lat' dir='ltr'><strong>pereant</strong></span> <span class='ocrx_word' id='word_1_113' title='bbox 611 2729 726 2814; x_wconf 89' lang='lat' dir='ltr'><strong>objicit</strong></span> <span class='ocrx_word' id='word_1_114' title='bbox 749 2751 828 2794; x_wconf 85' lang='lat' dir='ltr'><strong>eura</strong></span> <span class='ocrx_word' id='word_1_115' title='bbox 849 2729 1007 2816; x_wconf 79' lang='lat' dir='ltr'><strong>laborque</strong></span> <span class='ocrx_word' id='word_1_116' title='bbox 1028 2736 1125 2797; x_wconf 87' lang='lat' dir='ltr'><strong>tuus:</strong></span> 
     </span>
    </p>

    <p class='ocr_par' dir='ltr' id='par_1_5' title="bbox 288 2827 1226 3020">
     <span class='ocr_line' id='line_1_18' title="bbox 288 2827 1226 2917; baseline 0.004 -25"><span class='ocrx_word' id='word_1_117' title='bbox 288 2833 305 2861; x_wconf 89' lang='lat'><strong>“</strong></span> <span class='ocrx_word' id='word_1_118' title='bbox 330 2827 504 2896; x_wconf 88' lang='lat' dir='ltr'><strong>Marmoris</strong></span> <span class='ocrx_word' id='word_1_119' title='bbox 526 2829 686 2911; x_wconf 82' lang='lat' dir='ltr'><strong>arvinam,</strong></span> <span class='ocrx_word' id='word_1_120' title='bbox 710 2828 800 2895; x_wconf 87' lang='lat' dir='ltr'><strong>furni</strong></span> <span class='ocrx_word' id='word_1_121' title='bbox 822 2830 1044 2917; x_wconf 87' lang='lat' dir='ltr'><strong>septemplicis</strong></span> <span class='ocrx_word' id='word_1_122' title='bbox 1067 2831 1226 2912; x_wconf 86' lang='lat' dir='ltr'><strong>umbram,</strong></span> 
     </span>
     <span class='ocr_line' id='line_1_19' title="bbox 332 2929 1106 3020; baseline -0.001 -22"><span class='ocrx_word' id='word_1_123' title='bbox 332 2937 350 2966; x_wconf 92' lang='lat'>“</span> <span class='ocrx_word' id='word_1_124' title='bbox 374 2929 471 3012; x_wconf 80' lang='lat' dir='ltr'><strong>Quod</strong></span> <span class='ocrx_word' id='word_1_125' title='bbox 492 2932 622 3020; x_wconf 86' lang='lat' dir='ltr'><strong>peperit</strong></span> <span class='ocrx_word' id='word_1_126' title='bbox 642 2931 732 2997; x_wconf 90' lang='lat' dir='ltr'><strong>mulo</strong></span> <span class='ocrx_word' id='word_1_127' title='bbox 754 2931 845 2997; x_wconf 87' lang='lat' dir='ltr'><strong>mula</strong></span> <span class='ocrx_word' id='word_1_128' title='bbox 867 2931 1005 2998; x_wconf 84' lang='lat' dir='ltr'><strong>subacto</strong></span> <span class='ocrx_word' id='word_1_129' title='bbox 1027 2953 1085 2998; x_wconf 92' lang='lat' dir='ltr'><strong>suo</strong></span> <span class='ocrx_word' id='word_1_130' title='bbox 1097 2958 1106 3014; x_wconf 92' lang='lat'>;</span> 
     </span>
    </p>

    <p class='ocr_par' dir='ltr' id='par_1_6' title="bbox 287 3033 1156 3222">
     <span class='ocr_line' id='line_1_20' title="bbox 287 3033 1156 3128; baseline 0 -29"><span class='ocrx_word' id='word_1_131' title='bbox 287 3038 305 3067; x_wconf 92' lang='lat'><strong>“</strong></span> <span class='ocrx_word' id='word_1_132' title='bbox 327 3033 466 3100; x_wconf 83' lang='lat' dir='ltr'><strong>Anseris</strong></span> <span class='ocrx_word' id='word_1_133' title='bbox 488 3041 523 3100; x_wconf 89' lang='lat' dir='ltr'><strong>et</strong></span> <span class='ocrx_word' id='word_1_134' title='bbox 544 3033 640 3099; x_wconf 90' lang='lat' dir='ltr'><strong>milvi</strong></span> <span class='ocrx_word' id='word_1_135' title='bbox 662 3034 830 3100; x_wconf 88' lang='lat' dir='ltr'><strong>modicum</strong></span> <span class='ocrx_word' id='word_1_136' title='bbox 853 3035 894 3100; x_wconf 89' lang='lat' dir='ltr'><strong>de</strong></span> <span class='ocrx_word' id='word_1_137' title='bbox 916 3033 1001 3128; x_wconf 80' lang='lat' dir='ltr'><strong>lacte</strong></span> <span class='ocrx_word' id='word_1_138' title='bbox 1022 3035 1156 3114; x_wconf 87' lang='lat' dir='ltr'><strong>recenti,</strong></span> 
     </span>
     <span class='ocr_line' id='line_1_21' title="bbox 331 3135 1069 3222; baseline -0.001 -21"><span class='ocrx_word' id='word_1_139' title='bbox 331 3143 349 3171; x_wconf 86' lang='lat'><strong>“</strong></span> <span class='ocrx_word' id='word_1_140' title='bbox 372 3135 423 3202; x_wconf 88' lang='lat' dir='ltr'><strong>De</strong></span> <span class='ocrx_word' id='word_1_141' title='bbox 445 3135 553 3202; x_wconf 75' lang='lat' dir='ltr'><strong>lueis³</strong></span> <span class='ocrx_word' id='word_1_142' title='bbox 574 3157 679 3215; x_wconf 88' lang='lat' dir='ltr'><strong>eursu,</strong></span> <span class='ocrx_word' id='word_1_143' title='bbox 703 3135 808 3222; x_wconf 89' lang='lat' dir='ltr'><strong>deque</strong></span> <span class='ocrx_word' id='word_1_144' title='bbox 832 3135 953 3201; x_wconf 86' lang='lat' dir='ltr'><strong>timore</strong></span> <span class='ocrx_word' id='word_1_145' title='bbox 974 3135 1069 3222; x_wconf 83' lang='lat' dir='ltr'><strong>lupi3</strong></span> 
     </span>
    </p>

    <p class='ocr_par' dir='ltr' id='par_1_7' title="bbox 286 3237 1242 3427">
     <span class='ocr_line' id='line_1_22' title="bbox 286 3237 1242 3326; baseline -0.001 -23"><span class='ocrx_word' id='word_1_146' title='bbox 286 3245 304 3274; x_wconf 80' lang='lat'><strong>‘⁶</strong></span> <span class='ocrx_word' id='word_1_147' title='bbox 328 3237 380 3304; x_wconf 88' lang='lat' dir='ltr'><strong>Do</strong></span> <span class='ocrx_word' id='word_1_148' title='bbox 403 3239 493 3304; x_wconf 70' lang='lat' dir='ltr'><strong>caum</strong></span> <span class='ocrx_word' id='word_1_149' title='bbox 515 3244 551 3304; x_wconf 88' lang='lat' dir='ltr'><strong>et</strong></span> <span class='ocrx_word' id='word_1_150' title='bbox 572 3237 693 3326; x_wconf 90' lang='lat' dir='ltr'><strong>leporis</strong></span> <span class='ocrx_word' id='word_1_151' title='bbox 712 3237 866 3324; x_wconf 74' lang='lat' dir='ltr'><strong>septenni</strong></span> <span class='ocrx_word' id='word_1_152' title='bbox 888 3237 1011 3302; x_wconf 82' lang='lat' dir='ltr'><strong>foedere</strong></span> <span class='ocrx_word' id='word_1_153' title='bbox 1033 3237 1242 3318; x_wconf 88' lang='lat' dir='ltr'><strong>drachmam;</strong></span> 
     </span>
     <span class='ocr_line' id='line_1_23' title="bbox 332 3338 1042 3427; baseline -0.003 -22"><span class='ocrx_word' id='word_1_154' title='bbox 332 3347 349 3376; x_wconf 91' lang='lat'>“</span> <span class='ocrx_word' id='word_1_155' title='bbox 372 3339 492 3406; x_wconf 87' lang='lat' dir='ltr'><strong>Oscula</strong></span> <span class='ocrx_word' id='word_1_156' title='bbox 513 3361 589 3427; x_wconf 85' lang='lat' dir='ltr'><strong>quae</strong></span> <span class='ocrx_word' id='word_1_157' title='bbox 611 3340 683 3404; x_wconf 89' lang='lat' dir='ltr'><strong>niso</strong></span> <span class='ocrx_word' id='word_1_158' title='bbox 704 3339 797 3404; x_wconf 89' lang='lat' dir='ltr'><strong>misit</strong></span> <span class='ocrx_word' id='word_1_159' title='bbox 819 3338 938 3404; x_wconf 86' lang='lat' dir='ltr'><strong>alauda</strong></span> <span class='ocrx_word' id='word_1_160' title='bbox 960 3359 1042 3418; x_wconf 90' lang='lat' dir='ltr'><strong>suo;</strong></span> 
     </span>
    </p>

    <p class='ocr_par' dir='ltr' id='par_1_8' title="bbox 285 3439 1163 3629">
     <span class='ocr_line' id='line_1_24' title="bbox 285 3439 1110 3529; baseline -0.002 -21"><span class='ocrx_word' id='word_1_161' title='bbox 285 3449 303 3480; x_wconf 90' lang='lat'><strong>“</strong></span> <span class='ocrx_word' id='word_1_162' title='bbox 326 3441 471 3508; x_wconf 89' lang='lat' dir='ltr'><strong>Pavonis</strong></span> <span class='ocrx_word' id='word_1_163' title='bbox 493 3439 650 3529; x_wconf 78' lang='lat' dir='ltr'><strong>propria⁰</strong></span> <span class='ocrx_word' id='word_1_164' title='bbox 672 3441 792 3507; x_wconf 90' lang='lat' dir='ltr'><strong>libram</strong></span> <span class='ocrx_word' id='word_1_165' title='bbox 816 3441 856 3506; x_wconf 91' lang='lat' dir='ltr'><strong>de</strong></span> <span class='ocrx_word' id='word_1_166' title='bbox 880 3461 960 3506; x_wconf 88' lang='lat' dir='ltr'><strong>voce</strong></span> <span class='ocrx_word' id='word_1_167' title='bbox 983 3461 1110 3522; x_wconf 84' lang='lat' dir='ltr'><strong>sonora,</strong></span> 
     </span>
     <span class='ocr_line' id='line_1_25' title="bbox 333 3542 1163 3629; baseline -0.001 -21"><span class='ocrx_word' id='word_1_168' title='bbox 333 3544 461 3610; x_wconf 83' lang='lat' dir='ltr'><strong>“Ante</strong></span> <span class='ocrx_word' id='word_1_169' title='bbox 483 3551 596 3610; x_wconf 88' lang='lat' dir='ltr'><strong>tamen</strong></span> <span class='ocrx_word' id='word_1_170' title='bbox 618 3543 723 3610; x_wconf 87' lang='lat' dir='ltr'><strong>cauda</strong></span> <span class='ocrx_word' id='word_1_171' title='bbox 745 3564 844 3628; x_wconf 84' lang='lat' dir='ltr'><strong>quem</strong></span> <span class='ocrx_word' id='word_1_172' title='bbox 868 3542 913 3606; x_wconf 88' lang='lat' dir='ltr'><strong>sit</strong></span> <span class='ocrx_word' id='word_1_173' title='bbox 935 3542 1058 3629; x_wconf 80' lang='lat' dir='ltr'><strong>adepta</strong></span> <span class='ocrx_word' id='word_1_174' title='bbox 1079 3543 1163 3623; x_wconf 83' lang='lat' dir='ltr'><strong>sibi3</strong></span> 
     </span>
    </p>

    <p class='ocr_par' dir='ltr' id='par_1_9' title="bbox 286 3641 1217 3832">
     <span class='ocr_line' id='line_1_26' title="bbox 286 3641 1217 3732; baseline -0.002 -22"><span class='ocrx_word' id='word_1_175' title='bbox 286 3650 305 3681; x_wconf 78' lang='lat'><strong>‘⁶</strong></span> <span class='ocrx_word' id='word_1_176' title='bbox 328 3645 380 3711; x_wconf 87' lang='lat' dir='ltr'><strong>De</strong></span> <span class='ocrx_word' id='word_1_177' title='bbox 401 3665 470 3710; x_wconf 90' lang='lat' dir='ltr'><strong>non</strong></span> <span class='ocrx_word' id='word_1_178' title='bbox 492 3649 649 3710; x_wconf 85' lang='lat' dir='ltr'><strong>contexta</strong></span> <span class='ocrx_word' id='word_1_179' title='bbox 670 3641 793 3709; x_wconf 77' lang='lat' dir='ltr'><strong>mbra⁷</strong></span> <span class='ocrx_word' id='word_1_180' title='bbox 816 3643 887 3708; x_wconf 88' lang='lat' dir='ltr'><strong>sine</strong></span> <span class='ocrx_word' id='word_1_181' title='bbox 908 3641 1067 3709; x_wconf 80' lang='lat' dir='ltr'><strong>flamine⁸</strong></span> <span class='ocrx_word' id='word_1_182' title='bbox 1089 3665 1217 3732; x_wconf 87' lang='lat' dir='ltr'><strong>mappa,</strong></span> 
     </span>
     <span class='ocr_line' id='line_1_27' title="bbox 330 3744 1051 3832; baseline -0.001 -21"><span class='ocrx_word' id='word_1_183' title='bbox 330 3753 348 3782; x_wconf 90' lang='lat'><strong>“</strong></span> <span class='ocrx_word' id='word_1_184' title='bbox 371 3745 459 3811; x_wconf 86' lang='lat' dir='ltr'><strong>Nam</strong></span> <span class='ocrx_word' id='word_1_185' title='bbox 481 3747 566 3812; x_wconf 87' lang='lat' dir='ltr'><strong>risus</strong></span> <span class='ocrx_word' id='word_1_186' title='bbox 588 3745 671 3811; x_wconf 84' lang='lat' dir='ltr'><strong>asini</strong></span> <span class='ocrx_word' id='word_1_187' title='bbox 695 3750 734 3811; x_wconf 90' lang='lat' dir='ltr'><strong>tu</strong></span> <span class='ocrx_word' id='word_1_188' title='bbox 757 3744 851 3810; x_wconf 89' lang='lat' dir='ltr'><strong>dabis</strong></span> <span class='ocrx_word' id='word_1_189' title='bbox 873 3746 942 3832; x_wconf 86' lang='lat' dir='ltr'><strong>ipse</strong></span> <span class='ocrx_word' id='word_1_190' title='bbox 964 3745 1051 3826; x_wconf 83' lang='lat' dir='ltr'><strong>tibi3</strong></span> 
     </span>
    </p>

    <p class='ocr_par' dir='ltr' id='par_1_10' title="bbox 285 3846 1198 4036">
     <span class='ocr_line' id='line_1_28' title="bbox 285 3846 1198 3936; baseline 0 -24"><span class='ocrx_word' id='word_1_191' title='bbox 285 3852 303 3882; x_wconf 77' lang='lat'><strong>‘⁸</strong></span> <span class='ocrx_word' id='word_1_192' title='bbox 326 3846 471 3913; x_wconf 82' lang='lat' dir='ltr'><strong>Alleois⁰</strong></span> <span class='ocrx_word' id='word_1_193' title='bbox 492 3847 546 3913; x_wconf 91' lang='lat' dir='ltr'><strong>vel</strong></span> <span class='ocrx_word' id='word_1_194' title='bbox 567 3868 667 3934; x_wconf 88' lang='lat' dir='ltr'><strong>apum</strong></span> <span class='ocrx_word' id='word_1_195' title='bbox 689 3868 800 3914; x_wconf 89' lang='lat' dir='ltr'><strong>croceo</strong></span> <span class='ocrx_word' id='word_1_196' title='bbox 822 3847 863 3912; x_wconf 89' lang='lat' dir='ltr'><strong>de</strong></span> <span class='ocrx_word' id='word_1_197' title='bbox 884 3851 1048 3936; x_wconf 87' lang='lat' dir='ltr'><strong>spermate</strong></span> <span class='ocrx_word' id='word_1_198' title='bbox 1070 3847 1198 3926; x_wconf 86' lang='lat' dir='ltr'><strong>libram,</strong></span> 
     </span>
     <span class='ocr_line' id='line_1_29' title="bbox 310 3941 1120 4036; baseline 0 -22"><span class='ocrx_word' id='word_1_199' title='bbox 310 3941 349 3983; x_wconf 71' lang='lat'><strong>“‘</strong></span> <span class='ocrx_word' id='word_1_200' title='bbox 372 3949 423 4014; x_wconf 91' lang='lat' dir='ltr'><strong>De</strong></span> <span class='ocrx_word' id='word_1_201' title='bbox 445 3949 539 4014; x_wconf 89' lang='lat' dir='ltr'><strong>ciroli</strong></span> <span class='ocrx_word' id='word_1_202' title='bbox 547 3946 573 3988; x_wconf 86' lang='lat'><strong>¹⁰</strong></span> <span class='ocrx_word' id='word_1_203' title='bbox 590 3947 709 4035; x_wconf 87' lang='lat' dir='ltr'><strong>jecore,</strong></span> <span class='ocrx_word' id='word_1_204' title='bbox 733 3949 903 4036; x_wconf 84' lang='lat' dir='ltr'><strong>sunguine,</strong></span> <span class='ocrx_word' id='word_1_205' title='bbox 926 3948 996 4014; x_wconf 88' lang='lat' dir='ltr'><strong>sive</strong></span> <span class='ocrx_word' id='word_1_206' title='bbox 1018 3948 1120 4035; x_wconf 82' lang='lat' dir='ltr'><strong>pede3</strong></span> 
     </span>
    </p>

    <p class='ocr_par' dir='ltr' id='par_1_11' title="bbox 285 4048 1171 4238">
     <span class='ocr_line' id='line_1_30' title="bbox 285 4048 1157 4133; baseline 0 -18"><span class='ocrx_word' id='word_1_207' title='bbox 285 4053 303 4084; x_wconf 89' lang='lat'><strong>“</strong></span> <span class='ocrx_word' id='word_1_208' title='bbox 326 4048 459 4116; x_wconf 86' lang='lat' dir='ltr'><strong>Natalis</strong></span> <span class='ocrx_word' id='word_1_209' title='bbox 482 4049 619 4114; x_wconf 89' lang='lat' dir='ltr'><strong>Domini</strong></span> <span class='ocrx_word' id='word_1_210' title='bbox 642 4049 807 4116; x_wconf 91' lang='lat' dir='ltr'><strong>modicum</strong></span> <span class='ocrx_word' id='word_1_211' title='bbox 830 4050 871 4114; x_wconf 90' lang='lat' dir='ltr'><strong>de</strong></span> <span class='ocrx_word' id='word_1_212' title='bbox 892 4054 988 4116; x_wconf 86' lang='lat' dir='ltr'><strong>noete</strong></span> <span class='ocrx_word' id='word_1_213' title='bbox 1011 4050 1157 4133; x_wconf 80' lang='lat' dir='ltr'><strong>sulubri;</strong></span> 
     </span>
     <span class='ocr_line' id='line_1_31' title="bbox 330 4151 1171 4238; baseline 0.005 -22"><span class='ocrx_word' id='word_1_214' title='bbox 330 4158 348 4186; x_wconf 95' lang='lat'>“</span> <span class='ocrx_word' id='word_1_215' title='bbox 371 4151 455 4233; x_wconf 76' lang='lat' dir='ltr'><strong>Quae</strong></span> <span class='ocrx_word' id='word_1_216' title='bbox 476 4151 577 4216; x_wconf 90' lang='lat' dir='ltr'><strong>nimis</strong></span> <span class='ocrx_word' id='word_1_217' title='bbox 599 4155 650 4217; x_wconf 87' lang='lat' dir='ltr'><strong>est</strong></span> <span class='ocrx_word' id='word_1_218' title='bbox 672 4151 771 4238; x_wconf 84' lang='lat' dir='ltr'><strong>longa</strong></span> <span class='ocrx_word' id='word_1_219' title='bbox 788 4151 864 4237; x_wconf 85' lang='lat' dir='ltr'><strong>jure</strong></span> <span class='ocrx_word' id='word_1_220' title='bbox 886 4151 1013 4218; x_wconf 84' lang='lat' dir='ltr'><strong>valebit</strong></span> <span class='ocrx_word' id='word_1_221' title='bbox 1035 4152 1079 4217; x_wconf 87' lang='lat' dir='ltr'><strong>ad</strong></span> <span class='ocrx_word' id='word_1_222' title='bbox 1102 4152 1171 4220; x_wconf 89' lang='lat' dir='ltr'><strong>hoo.</strong></span> 
     </span>
    </p>
   </div>
   <div class='ocr_carea' id='block_1_5' title="bbox 830 4372 1332 4834">
    <p class='ocr_par' dir='ltr' id='par_1_12' title="bbox 862 4372 1014 4439">
     <span class='ocr_line' id='line_1_32' title="bbox 862 4372 1014 4439; baseline 0.013 -16"><span class='ocrx_word' id='word_1_223' title='bbox 862 4373 872 4410; x_wconf 75' lang='lat'><strong><em>⁷</em></strong></span> <span class='ocrx_word' id='word_1_224' title='bbox 878 4372 972 4439; x_wconf 76' lang='lat' dir='ltr'><strong>jubam,</strong></span> <span class='ocrx_word' id='word_1_225' title='bbox 984 4375 1014 4425; x_wconf 89' lang='lat' dir='ltr'><strong>P.</strong></span> 
     </span>
    </p>

    <p class='ocr_par' dir='ltr' id='par_1_13' title="bbox 861 4451 1077 4515">
     <span class='ocr_line' id='line_1_33' title="bbox 861 4451 1077 4515; baseline 0.005 -14"><span class='ocrx_word' id='word_1_226' title='bbox 861 4451 872 4484; x_wconf 83' lang='lat'>⁸</span> <span class='ocrx_word' id='word_1_227' title='bbox 884 4454 993 4515; x_wconf 78' lang='lat' dir='ltr'><strong>stamine,</strong></span> <span class='ocrx_word' id='word_1_228' title='bbox 1005 4455 1036 4503; x_wconf 90' lang='lat' dir='ltr'><strong>B.</strong></span> <span class='ocrx_word' id='word_1_229' title='bbox 1048 4454 1077 4502; x_wconf 89' lang='lat' dir='ltr'><strong>P.</strong></span> 
     </span>
    </p>

    <p class='ocr_par' dir='ltr' id='par_1_14' title="bbox 830 4529 1332 4741">
     <span class='ocr_line' id='line_1_34' title="bbox 863 4529 1332 4600; baseline 0.013 -20"><span class='ocrx_word' id='word_1_230' title='bbox 863 4529 996 4595; x_wconf 63' lang='lat' dir='ltr'><strong>errabas,</strong></span> <span class='ocrx_word' id='word_1_231' title='bbox 1008 4533 1037 4582; x_wconf 87' lang='lat' dir='ltr'><strong>P.</strong></span> <span class='ocrx_word' id='word_1_232' title='bbox 1068 4532 1124 4584; x_wconf 81' lang='lat' dir='ltr'><strong>The</strong></span> <span class='ocrx_word' id='word_1_233' title='bbox 1135 4532 1241 4600; x_wconf 78' lang='lat' dir='ltr'><strong>reading</strong></span> <span class='ocrx_word' id='word_1_234' title='bbox 1251 4534 1282 4585; x_wconf 80' lang='lat' dir='ltr'><strong>of</strong></span> <span class='ocrx_word' id='word_1_235' title='bbox 1289 4535 1332 4586; x_wconf 81' lang='lat' dir='ltr'><strong>the</strong></span> 
     </span>
     <span class='ocr_line' id='line_1_35' title="bbox 830 4611 1332 4667; baseline 0.01 -5"><span class='ocrx_word' id='word_1_236' title='bbox 830 4617 886 4662; x_wconf 79' lang='lat' dir='ltr'><strong>text</strong></span> <span class='ocrx_word' id='word_1_237' title='bbox 907 4611 930 4661; x_wconf 87' lang='lat' dir='ltr'><strong>ie</strong></span> <span class='ocrx_word' id='word_1_238' title='bbox 948 4611 991 4662; x_wconf 84' lang='lat' dir='ltr'><strong>the</strong></span> <span class='ocrx_word' id='word_1_239' title='bbox 1010 4611 1133 4665; x_wconf 81' lang='lat' dir='ltr'><strong>medisval</strong></span> <span class='ocrx_word' id='word_1_240' title='bbox 1155 4614 1219 4664; x_wconf 76' lang='lat' dir='ltr'><strong>form</strong></span> <span class='ocrx_word' id='word_1_241' title='bbox 1241 4615 1271 4666; x_wconf 84' lang='lat' dir='ltr'><strong>ol</strong></span> <span class='ocrx_word' id='word_1_242' title='bbox 1289 4617 1332 4667; x_wconf 76' lang='lat' dir='ltr'><strong>the</strong></span> 
     </span>
     <span class='ocr_line' id='line_1_36' title="bbox 830 4690 908 4741; baseline 0 -1"><span class='ocrx_word' id='word_1_243' title='bbox 830 4690 908 4741; x_wconf 77' lang='lat' dir='ltr'><strong>word.</strong></span> 
     </span>
    </p>

    <p class='ocr_par' dir='ltr' id='par_1_15' title="bbox 864 4766 1021 4834">
     <span class='ocr_line' id='line_1_37' title="bbox 864 4766 1021 4834; baseline 0.019 -17"><span class='ocrx_word' id='word_1_244' title='bbox 864 4767 885 4800; x_wconf 86' lang='lat'><strong>¹⁰</strong></span> <span class='ocrx_word' id='word_1_245' title='bbox 895 4766 980 4834; x_wconf 57' lang='lat' dir='ltr'><strong>maroli,</strong></span> <span class='ocrx_word' id='word_1_246' title='bbox 992 4769 1021 4820; x_wconf 88' lang='lat' dir='ltr'><strong>P.</strong></span> 
     </span>
    </p>
   </div>
   <div class='ocr_carea' id='block_1_6' title="bbox 1177 4871 1197 4917">
    <p class='ocr_par' dir='ltr' id='par_1_16' title="bbox 1177 4871 1197 4917">
     <span class='ocr_line' id='line_1_38' title="bbox 1177 4871 1197 4917; baseline 0 0"><span class='ocrx_word' id='word_1_247' title='bbox 1177 4871 1197 4917; x_wconf 82' lang='lat'>0</span> 
     </span>
    </p>
   </div>
   <div class='ocr_carea' id='block_1_7' title="bbox 0 0 1766 5802">
    <p class='ocr_par' dir='ltr' id='par_1_17' title="bbox 0 0 1766 5802">
     <span class='ocr_line' id='line_1_39' title="bbox 0 0 1766 5802; baseline 0 3"><span class='ocrx_word' id='word_1_248' title='bbox 0 0 1766 5802; x_wconf 95' lang='lat' dir='ltr'><strong> </strong></span> 
     </span>
    </p>
   </div>
  </div>
 </body>
</html>
