3512 5842
516 925 659 976 Morum
684 925 867 975 SPECULUM
889 925 1101 976 suumomni
1293 913 1335 983 79

284 1099 461 1189 Evigilans
483 1101 659 1167 Burnellus
681 1101 748 1167 ait:
774 1099 918 1166 “Solum
941 1100 1031 1188 quod
1054 1100 1215 1168 habebam

330 1209 349 1241 “
372 1203 518 1270 Verbum
541 1203 731 1292 subripuit²
754 1225 821 1270 vox
843 1203 1017 1291 peregrina
1038 1205 1128 1270 mihi.

285 1314 302 1342 “
326 1307 463 1394 Syllaba
485 1307 663 1374 consimilis
685 1307 781 1373 verbi
804 1308 928 1372 totiens
950 1308 1088 1394 repetiti

331 1416 348 1446 “
371 1411 504 1476 Nomen
526 1410 694 1497 subripuit
716 1410 808 1476 urbis
830 1409 890 1475 ubi
912 1409 1069 1476 studuiss¹

286 1517 305 1547 “
330 1512 461 1598 Quique
486 1513 586 1579 Pater
607 1512 730 1578 Noster
752 1513 875 1578 totiens
898 1511 1035 1579 iteravit
1057 1513 1195 1594 eodem,a

332 1620 349 1649 “
374 1615 428 1680 llle
451 1615 551 1680 nimis
573 1617 743 1682 intentum
766 1615 913 1681 reddidit
934 1616 991 1681 ille
1014 1617 1085 1683 sibi.

287 1724 304 1752 “
329 1718 457 1805 Perque
480 1739 576 1783 suum
598 1718 706 1784 simile
728 1719 866 1784 verbum
890 1719 1084 1806 peregrinus
1107 1720 1217 1806 inique

332 1826 349 1855 “
373 1821 427 1884 Me
450 1821 690 1908 supplantavit,
714 1825 748 1886 et
770 1843 844 1886 mea
867 1821 969 1886 verba
992 1822 1082 1888 tulit.

287 1929 304 1957 “
327 1923 447 1988 Sunius
469 1928 528 2004 est,
551 1921 695 2004 memini,
718 1924 850 1990 socialia
871 1923 997 1990 foedera
1020 1925 1137 2011 rumpi,

331 2031 348 2060 “
372 2025 478 2107 Quam
502 2047 576 2092 oum
600 2025 724 2112 collega
746 2025 856 2092 fredus
878 2027 976 2092 inisse
999 2027 1093 2093 malo.

286 2135 303 2164 “
328 2129 401 2194 Hoo
423 2129 504 2196 satis
527 2133 607 2195 ante
629 2129 721 2210 mihi,
745 2129 859 2195 damni
881 2149 1030 2216 praesaga
1052 2129 1166 2210 futuri,

331 2237 348 2266 “
372 2232 467 2298 Mens
489 2253 563 2299 mea
585 2231 752 2319 praedixit,
775 2253 855 2298 vera
877 2233 1038 2318 propheta
1059 2234 1165 2298 nimis.

288 2340 304 2368 “
329 2333 477 2399 Verbum
498 2357 559 2421 pro
581 2335 692 2415 verbo,
714 2335 885 2421 proprium
907 2339 1042 2400 mutans
1065 2335 1180 2417 alieno,
1284 2345 1288 2353 '

334 2441 352 2471 “
375 2435 529 2520 Destruo,
553 2438 706 2524 septenni
728 2441 824 2524 parta
847 2436 958 2502 labore
980 2438 1083 2524 gravi.

290 2543 307 2571 “
331 2537 477 2604 Verbum
501 2539 590 2624 quod
612 2537 749 2626 peperi⁴
769 2537 945 2622 nostrum,⁵
967 2539 1070 2605 verbo
1091 2541 1256 2627 peregrini

315 2645 353 2676 ·“
376 2641 441 2704 Par
463 2640 527 2706 fuit
548 2641 585 2705 in
608 2646 701 2728 parte
723 2642 950 2728 principioque
971 2643 1030 2707 sui.

291 2749 307 2776 “
332 2741 423 2807 Finis
446 2747 519 2808 erat
541 2744 660 2829 dispar,
684 2744 772 2830 quod
797 2745 826 2809 si
848 2743 1035 2810 meminisse
1058 2737 1209 2825 valerem,

335 2849 353 2879 ‘¹
377 2844 432 2909 Me
454 2843 535 2909 satis
559 2843 695 2909 inferior
716 2845 851 2932 Jupiter
873 2843 952 2910 ἱΠθθ
973 2846 1065 2912 foret.

290 2953 307 2979 “
331 2947 472 3012 Centum
495 2947 549 3012 vel
572 2947 662 3012 mille
684 2948 806 3013 solidos
829 2949 857 3013 si
880 2949 972 3014 dives
996 2949 1158 3032 haberem,

335 3055 352 3082 “
376 3048 501 3114 Vellem
525 3049 586 3114 sub
612 3049 671 3114 tali
695 3049 884 3116 conditione
907 3049 1007 3119 dare.⁷

289 3157 305 3184 “
331 3150 484 3216 Nominis
506 3151 617 3216 amissi
640 3152 700 3216 vix
722 3153 850 3238 syllaba
871 3153 979 3238 prima
1001 3157 1167 3237 remansit,

336 3260 352 3288 “
377 3253 475 3334 Quod
497 3259 647 3342 superest
669 3256 832 3342 reliquum
857 3256 955 3321 desiit
977 3279 1046 3322 esse
1069 3279 1186 3323 meum.

489 3543 678 3610 tbnsolatio
700 3544 863 3610 Burnella'
886 3545 948 3632 [ad
969 3546 1143 3636 seipsum}

292 3715 309 3742 “
334 3709 396 3774 Est
418 3707 544 3794 aliquid
567 3708 684 3772 melius
707 3731 806 3794 quam
829 3709 879 3773 nil
901 3711 1054 3791 tenuisse,
1078 3713 1207 3792 teneb0,

336 3817 353 3844 ‘¹
378 3808 485 3890 Quae⁸
507 3816 654 3896 superest
677 3814 810 3876 tantum
833 3811 962 3898 syllaba
983 3813 1091 3899 primu
1112 3815 1200 3878 mihi.

292 3914 464 3979 “Partem
488 3935 547 3999 pro
570 3917 641 3978 toto
664 3913 743 4000 poni
768 3913 904 3979 docuere
928 3915 1052 3997 diserti,

335 4023 353 4051 “
377 4016 563 4082 Dummodo
586 4015 778 4097 remaneat,9
800 4017 920 4083 sufficit
942 4039 1009 4084 uua
1030 4019 1120 4085 mihi.

292 4125 310 4154 “
333 4120 404 4184 Nee
426 4123 534 4184 totum
557 4123 712 4205 superest,
738 4119 795 4183 ubi
818 4142 894 4207 pars
918 4125 969 4186 est
991 4143 1059 4186 una
1081 4121 1191 4204 recisa,

336 4227 354 4256 “
378 4221 448 4286 Neo
471 4225 579 4286 totum
602 4221 710 4307 periit,
734 4225 829 4307 parte
851 4228 1006 4287 manente
1029 4225 1088 4291 sui.

585 4383 679 4388 ..—--.
697 4383 755 4388 ....-
772 4383 794 4388 --
819 4383 1023 4390 .--...-----.-..,..
1067 4385 1165 4392 ..--.,...,-
1208 4387 1264 4392 .--.

328 4513 334 4545 ¹
347 4511 485 4578 subrespicit,
499 4511 533 4561 A.
874 4513 1025 4574 ⁵minimum,
1036 4514 1066 4564 P.

326 4593 337 4624 ‘·'
350 4592 481 4656 Surripuil
492 4589 590 4640 verbum
602 4589 727 4656 prodfuit
739 4597 796 4642 aule
874 4590 884 4622 ⁶
897 4594 957 4656 ipae,
967 4593 997 4642 B.

293 4687 375 4734 meum,
388 4672 418 4720 Β.
875 4670 885 4707 ⁴¹
897 4670 961 4732 dari,
972 4671 1003 4720 B.

326 4752 336 4784 ⁸
350 4753 449 4801 iteravit
459 4752 483 4798 iu
496 4767 544 4812 ore,
556 4752 584 4800 P.
874 4750 885 4781 ⁸
902 4749 975 4810 Quod
984 4757 1100 4816 superest,
1112 4751 1142 4802 Β.

353 4829 417 4894 quod
423 4831 507 4895 periit,
517 4830 548 4879 B.
876 4829 887 4862 ⁹
899 4829 1034 4882 Dummodo
1045 4833 1081 4882 sic
1092 4841 1195 4898 inaurat,
1207 4837 1236 4887 B.
