3524 5802
487 907 628 956 urorum
651 906 832 956 srnounun
855 907 1068 957 srunrosuu.
1261 891 1300 960 17

249 1085 266 1114 “
291 1077 389 1160 Quod
411 1077 505 1146 dedit
526 1079 595 1166 ipss
617 1078 690 1160 tibi,
714 1079 845 1167 qualem
866 1085 901 1148 te
924 1080 1066 1148 eontulit
1088 1099 1166 1160 esse,

293 1185 311 1217 “
334 1179 408 1246 Etsi
429 1181 581 1261 nolueris,
602 1181 761 1270 improbe,
783 1182 862 1248 tulis
884 1184 955 1250 eris.

249 1291 266 1318 “
290 1281 357 1349 Our
377 1305 444 1349 non
467 1284 630 1350 sustineas
652 1285 741 1372 quod
764 1290 896 1372 oportet
918 1285 1112 1351 sustinuisse

293 1391 310 1422 “
332 1385 413 1472 Ejus
435 1385 476 1451 od
501 1386 687 1466 arbitrium,
709 1409 808 1475 quem
831 1387 982 1454 cohibere
1004 1388 1146 1475 nequis?

246 1492 266 1519 “
290 1484 395 1552 Orode
417 1487 507 1566 mihi,
531 1488 617 1554 nihil
639 1493 689 1555 est
711 1489 783 1554 fieri
806 1489 893 1575 quod
918 1510 1012 1576 posse
1034 1491 1171 1576 putasti,

292 1594 309 1623 ‘¹
333 1587 431 1670 Quod
452 1594 575 1656 natura
596 1595 698 1677 negot
719 1590 856 1656 reddere
879 1607 976 1657 nemo
998 1595 1115 1678 potest.

583 1881 781 1968 Increpolo'o
806 1881 952 1950 Galloni.

247 2047 264 2076 ‘⁶
286 2037 461 2126 Numquid
483 2040 572 2106 enim
595 2061 720 2122 servus,
744 2041 864 2106 saliens
886 2041 924 2105 in
947 2039 1117 2107 montibus
1140 2041 1229 2120 ultio,

290 2147 307 2177 ‘¹
330 2140 501 2230 Supplioot
523 2147 623 2229 utque
645 2142 732 2230 petit
755 2141 874 2228 qualia,
899 2143 1010 2220 stulte,
1035 2142 1128 2230 petis.

246 2248 265 2280 “
288 2241 326 2310 Si
347 2249 383 2310 te
405 2243 554 2332 majores,
576 2245 604 2310 si
626 2249 661 2310 ts
684 2267 815 2331 quoque
837 2243 1016 2310 nobiliores

289 2351 308 2382 “
331 2345 424 2410 Talia
446 2345 539 2411 nulla
560 2350 689 2432 rogant,
713 2351 752 2411 tu
775 2345 865 2430 quid,
891 2345 1014 2432 inepte,
1036 2351 1155 2434 rogasl

246 2451 264 2481 “
287 2445 347 2510 Nil
368 2445 462 2532 lepus
484 2450 544 2510 out
566 2466 669 2523 ursus,
686 2467 781 2532 caper
797 2450 858 2510 out
879 2467 986 2532 capra,
1002 2444 1158 2528 domuin,1
1174 2467 1297 2525 cervus,

289 2553 307 2581 “
330 2545 520 2612 Oausantur
541 2545 655 2612 osudae
678 2546 719 2611 ds
741 2547 907 2612 brevitate
929 2567 1006 2613 suae.

244 2652 264 2682 ‘¹
286 2645 458 2733 Numquid
480 2635 525 2714 es
538 2647 590 2712 his
611 2647 750 2724 melior,2
771 2647 886 2734 major,
908 2648 963 2713 vel
985 2649 1129 2714 sanctior
1151 2653 1261 2715 unus?

290 2757 307 2784 “
330 2748 375 2814 Et
397 2755 510 2815 tomen
533 2749 586 2816 his
609 2749 743 2815 brevior
765 2770 865 2834 quum
888 2749 951 2816 tibi
974 2750 1078 2816 cauda
1101 2757 1221 2816 munet.

587 3027 779 3097 Consolatio
804 3027 951 3098 Galloni.

243 3199 260 3230 ‘¹
283 3192 405 3259 Nobile
428 3214 545 3281 eorpus
567 3193 677 3275 habes,
701 3215 769 3260 non
792 3193 838 3260 sit
860 3192 926 3259 tibi
948 3191 1054 3259 eundo
1076 3192 1214 3280 pudori;

287 3301 306 3330 ‘⁴
330 3292 420 3360 Nsm
442 3295 470 3360 si
493 3295 599 3360 cauda,
619 3295 742 3374 brevis,
765 3301 816 3360 est
838 3295 903 3360 tibi
925 3295 1052 3381 grando
1075 3300 1181 3380 caput.

245 3402 264 3432 ‘¹
287 3395 367 3461 Non
388 3395 499 3460 brevis
522 3400 574 3462 est
596 3395 679 3461 odeo
701 3395 790 3482 quod
812 3417 881 3462 non
903 3395 978 3460 aliis
999 3396 1182 3462 breviorem

288 3505 306 3534 “
329 3497 408 3564 Esse
430 3497 560 3585 liquet;
590 3497 672 3563 satis
694 3503 745 3563 est
767 3518 844 3585 ergo
868 3497 1002 3563 remisso
1023 3497 1094 3564 tibi

244 3606 262 3635 “
285 3597 383 3680 Quod
404 3599 515 3664 minus
536 3606 587 3665 est
609 3599 722 3666 oaudae
744 3600 863 3686 ospitis
886 3599 1054 3687 supplebis
1076 3598 1219 3679 honore;

290 3707 309 3736 “
331 3700 410 3767 Non
433 3701 526 3768 deoet
548 3705 588 3766 ut
610 3701 696 3768 fiunt
718 3700 801 3766 illud
825 3706 859 3766 et
881 3701 938 3766 ille
960 3722 1062 3788 pares.

243 3810 260 3839 “
284 3801 327 3868 In
349 3802 449 3870 titulo
472 3802 585 3870 caudae
609 3803 812 3870 Francorum
834 3824 894 3868 rex
916 3800 1132 3870 Lodowicus³

288 3910 307 3941 “
330 3904 408 3970 Non
430 3905 494 3972 tibi
517 3904 676 3992 praeoellit
697 3902 936 3994 pontificum*
958 3905 1016 3972 sui

243 4011 262 4042 “
286 4003 443 4100 Firmiter
465 4027 543 4094 ergo
565 4011 643 4072 tene
667 4006 756 4093 quod
778 4007 887 4086 habes,
911 4007 990 4092 quia
1012 4003 1234 4073 conditionem

289 4113 307 4144 “
331 4107 382 4173 De
403 4108 492 4175 facili
514 4129 624 4195 posses
647 4107 857 4174 damnificare
879 4113 980 4175 tuom.

278 4356 439 4420 ¹darula,or
450 4357 549 4421 dumio,
559 4361 590 4411 Β.
625 4358 742 4420 donum,
826 4357 995 4418 Uulturnus,
1007 4361 1037 4409 P.

244 4439 274 4491 Ρ.
826 4437 1028 4502 ⁴poutrficeoque,
1039 4438 1068 4487 P.

276 4517 287 4551 ²
299 4515 427 4582 Numquid
437 4534 462 4568 er
473 4517 561 4582 melior,
571 4515 602 4568 P.
