3524 5802
537 899 679 950 meum
702 897 883 950 SPECULUM
906 898 1118 950 STULTORUM.
1309 889 1349 948 45

302 1073 320 1103 “
343 1067 434 1156 Papa
456 1070 590 1156 quidem
613 1073 740 1137 statuet
762 1093 805 1136 ne
827 1071 901 1156 quis
925 1071 966 1136 de
988 1071 1149 1137 fratribus
1172 1075 1268 1137 extra

346 1177 363 1206 ‘⁸
385 1169 488 1258 Septa
510 1172 562 1236 sui
585 1172 722 1237 claustri
745 1171 893 1259 quolibet
915 1172 962 1238 ire
985 1179 1093 1259 queat.

300 1278 319 1306 “
343 1271 448 1352 Quam
471 1273 499 1338 si
523 1273 597 1358 quis
619 1272 721 1339 fuerit
743 1274 849 1362 legem
871 1279 1086 1362 trangressus,
1110 1297 1222 1341 eorum

346 1380 364 1410 “
387 1373 470 1440 Haee
493 1375 558 1440 trie
580 1380 738 1463 perpetuo
756 1376 831 1462 jure
853 1376 1054 1463 sequuntur¹
1078 1400 1161 1444 eum.

296 1479 314 1510 “
338 1475 517 1563 Nunquam
540 1479 621 1543 vina
643 1478 762 1558 bibat,⁹
784 1479 848 1544 nisi
872 1479 974 1545 cruda
996 1479 1166 1566 legumine
1188 1483 1311 1568 gustet,

344 1583 361 1612 “
385 1577 503 1666 Sitque
525 1580 636 1667 gravis
658 1580 755 1668 eulpa
776 1602 875 1667 poene
899 1581 1051 1667 petennis
1075 1582 1112 1648 ei.

298 1685 317 1715 “
340 1679 422 1748 Haee
445 1681 486 1747 de
503 1682 579 1769 jure
602 1683 670 1770 poli
691 1681 790 1748 faciet
812 1682 896 1747 mihi
917 1705 1005 1771 pepe
1026 1683 1188 1764 libenter3

344 1781 450 1849 “Sed
473 1783 513 1848 de
531 1783 607 1868 jure
629 1784 693 1850 fori
716 1783 797 1870 quid
819 1805 924 1870 genus
947 1805 1043 1849 omne
1067 1783 1222 1851 meumi⁸

296 1889 314 1916 “
339 1883 435 1950 Istud
458 1885 523 1950 erit
545 1884 632 1972 quod
657 1907 717 1972 ego
739 1884 857 1950 faeiem
881 1885 1036 1951 statuisse
1058 1907 1117 1972 per
1140 1886 1259 1964 orbem,

344 1992 363 2021 “
386 1985 423 2051 Si
445 1985 547 2051 fuerit
569 1991 664 2053 tanto
687 1991 836 2074 tempore
858 1987 932 2052 vita
954 2008 1069 2054 eomes.

297 2093 315 2119 ‘⁶
340 2086 427 2153 Istos
449 2108 631 2168 conversos,
655 2109 736 2174 quos
759 2109 929 2175 perversos
952 2089 1056 2175 magis
1079 2110 1147 2155 esse

341 2195 360 2226 “
383 2187 531 2266 Constat,
556 2193 594 2254 ut
617 2211 659 2254 ex
681 2189 777 2256 factis
799 2191 936 2256 nomine
957 2194 1047 2256 certe
1068 2192 1212 2258 trahant.

298 2300 316 2326 “
339 2291 490 2358 Ecelesiae
512 2299 642 2378 portum
665 2293 813 2378 quisquis
835 2292 1044 2380 conspexerit
1066 2299 1168 2380 extre,

344 2397 363 2428 “
385 2393 465 2457 Mox
487 2393 597 2459 oeulos
620 2393 755 2459 dextros
778 2393 907 2459 auferat
929 2398 1030 2480 atque
1052 2395 1158 2482 pedes.

298 2501 316 2530 “
340 2495 386 2560 Et
407 2494 473 2560 nisi
496 2515 655 2582 campane
676 2495 758 2560 eollo
781 2495 967 2582 dependeat
990 2517 1066 2577 una,

346 2605 363 2632 “
387 2596 538 2662 Mentula
559 2597 703 2676 tolletur,
727 2597 880 2683 quodque
902 2597 1044 2664 eohaeret
1067 2598 1106 2664 ei.

299 2706 316 2736 “
341 2701 472 2766 Dentur
494 2699 541 2764 eis
564 2700 701 2780 breeeae,
725 2699 840 2766 vinum
863 2699 1003 2766 tolletur
1025 2701 1061 2764 in
1083 2721 1201 2780 aevum,

344 2808 362 2837 “
383 2800 659 2888 Damnaturque⁴
680 2821 765 2880 cero,
789 2801 893 2887 piscis,
917 2805 952 2866 et
975 2822 1039 2866 ova
1060 2802 1167 2868 simul.

301 2911 319 2941 “
343 2901 515 2970 Sufficiant
537 2902 664 2968 cunctis
687 2903 752 2967 duo
775 2907 867 2970 eocte
889 2903 1057 2988 legumina
1079 2909 1223 2984 tantum,

344 3011 362 3041 “
387 3005 450 3070 Vel
472 3004 584 3091 potius
606 3003 716 3084 cruda,
741 3003 873 3069 sitnisi
896 3003 979 3070 festa
1005 3004 1083 3072 dies.

297 3117 314 3143 “
337 3107 419 3174 Haee
441 3128 501 3192 ego
524 3112 643 3172 cuncte
664 3127 754 3171 meos
776 3104 894 3170 fecium
918 3105 1067 3172 stabilire
1089 3112 1250 3193 parentes,

347 3215 365 3244 “
389 3209 442 3274 Ne
465 3208 510 3274 sit
532 3209 568 3273 in
590 3212 751 3274 aeternum
774 3229 825 3272 res
847 3207 1004 3272 habiture
1025 3209 1169 3275 modum.

298 3318 317 3349 “
342 3311 426 3377 Haee
448 3313 549 3376 etium
572 3331 659 3397 pepe
681 3310 727 3374 sic
749 3309 958 3374 confirmabit
980 3310 1017 3374 in
1040 3331 1157 3388 aevum,

343 3423 361 3450 “
384 3411 638 3498 Subscribetque
661 3431 738 3476 sues
760 3410 850 3476 ouria
873 3415 945 3476 tots
968 3410 1090 3477 notes.’'

543 3691 730 3760 Simulatio
747 3691 876 3779 fratis
900 3691 1102 3760 Fromuudi.

298 3853 434 3919 Talibus
457 3853 591 3930 auditis,
614 3853 730 3918 timuit
755 3853 972 3934 Fromundus,
995 3860 1031 3920 et
1053 3855 1142 3920 ultra

344 3956 452 4036 Quem
476 3956 565 4021 eredi
589 3956 712 4041 poterit
734 3955 980 4042 obstupefactus
1002 3957 1068 4021 ait:

299 4064 318 4094 “
342 4057 378 4123 si
402 4058 486 4122 sciat
509 4057 578 4123 haee
601 4057 712 4136 abbas,
736 4079 797 4124 nee
819 4079 894 4122 eum
916 4079 968 4124 res
990 4063 1088 4124 tenta
1109 4057 1236 4138 latebit,

344 4166 361 4194 “
385 4159 519 4225 (tullens
542 4164 604 4225 aut
625 4165 714 4224 certe
736 4181 824 4224 mors
848 4159 932 4224 mihi
954 4169 1043 4225 certa
1065 4166 1185 4225 manet.

298 4267 317 4296 “
341 4261 423 4344 Quis
445 4261 537 4327 furor
559 4260 699 4347 impegit
721 4261 858 4326 eanibus
880 4283 1001 4327 vexare
1023 4261 1212 4326 ministrum

343 4371 361 4400 “
384 4363 554 4429 Pontificis
576 4363 720 4428 summi?
765 4361 844 4428 Non
867 4364 916 4428 ita
938 4363 1034 4428 rebar
1057 4384 1124 4450 ego.

1091 4564 1344 4575 ————-.

334 4691 341 4725 ¹
353 4699 490 4757 ementur,
501 4693 530 4743 P.
883 4690 999 4754 malm,
1011 4691 1041 4742 P.

333 4771 343 4803 '²
355 4771 426 4834 tibet,
438 4771 467 4821 P.
884 4771 893 4802 ⁴
906 4771 1097 4836 Dominamque,
1109 4771 1138 4822 P.
