3512 5842
432 893 475 956 84
536 904 716 956 emulcet
740 905 843 956 Pou‘rs
866 905 910 954 OF
933 905 1004 954 THE
1028 905 1193 956 Twstrffl
1216 906 1385 956 cunwnr.
1433 899 1437 904 ’

436 1089 453 1116 “
477 1080 611 1162 Ordinis
633 1086 693 1146 aut
716 1080 866 1146 mornm¹
889 1103 1060 1168 nunquam
1084 1081 1258 1168 dispendia
1272 1075 1453 1168 'quisquam

481 1191 498 1218 “
523 1183 695 1249 Fratribus
717 1206 759 1249 ex
785 1183 889 1272 nigris
910 1185 1105 1250 sustinuisse
1129 1181 1241 1250 volet.²

435 1293 452 1318 ‘¹
477 1285 556 1350 Non
578 1286 795 1365 commodant,
818 1282 897 1351 rel-³
919 1289 1035 1350 emunt
1058 1306 1118 1350 sue
1140 1285 1272 1372 praediu,
1288 1285 1341 1350 vel
1364 1285 1486 1372 priora·

528 1395 544 1421 “
569 1392 646 1466 tus3

483 1495 501 1523 “
525 1489 647 1554 Omnis
669 1481 728 1554 sed
748 1487 853 1575 gratis
876 1487 1122 1553 distribuuntur
1144 1487 1215 1554 ibi⁴

438 1597 454 1624 ‘¹
480 1590 645 1656 Cellarum
667 1610 823 1654 numerus
846 1610 942 1673 quem
967 1589 1089 1658 domno
1113 1591 1325 1676 dedecorique

483 1699 500 1726 ‘⁴
525 1692 605 1758 Esse
627 1696 759 1779 putent,
784 1691 898 1756 multis
920 1693 1090 1757 commoda
1112 1693 1220 1757 multe
1242 1691 1352 1779 parit.⁶

438 1801 456 1828 “
479 1795 516 1859 Si
539 1792 663 1878 qucm⁰
690 1794 730 1858 de
753 1793 909 1859 membris
932 1793 1086 1858 nebulam
1109 1795 1274 1880 contingit
1297 1793 1384 1872 oriri,

482 1903 499 1930 “
525 1895 622 1960 Hanc
644 1901 745 1980 caput
766 1894 945 1961 absorbet⁷
968 1895 1142 1962 nobilitate
1164 1918 1232 1964 sue.

438 2005 454 2032 “
479 1997 648 2082 Quomque
671 1997 769 2062 semel
792 1997 921 2085 culpam
944 1998 1068 2063 vindex
1090 1999 1257 2064 sententie
1278 1998 1385 2084 punit,

483 2107 499 2134 ‘⁶
526 2099 675 2166 Ulterius
700 2100 851 2184 cuiquam
874 2099 1042 2165 nonlicet
1069 2100 1147 2166 inde
1170 2097 1282 2185 loqui.8

766 2339 816 2404 Dc
839 2339 938 2404 Albis
961 2337 1159 2406 Monachis.⁹

436 2493 453 2520 “
477 2483 513 2551 Si
536 2486 628 2552 fuero
653 2487 835 2552 Monachus
857 2487 973 2567 Albus,
996 2488 1163 2574 generalis
1186 2488 1269 2553 dure

482 2597 498 2623 “
523 2590 570 2653 Hi
593 2590 766 2676 pulmento
788 2589 862 2668 duo,
886 2591 944 2654 scd
967 2590 1050 2656 bene
1074 2597 1175 2670 coctu,
1199 2591 1335 2656 dabunt

436 2701 452 2726 “
478 2691 551 2756 Hoc
580 2693 708 2773 odiunt,
732 2692 820 2778 quod
843 2713 903 2779 ego
926 2692 998 2758 sine
1019 2692 1086 2758 fine
1099 2691 1124 2730 ¹⁰
1146 2693 1289 2758 'fideliter
1312 2692 1375 2768 odi,

482 2800 499 2829 ‘⁸
523 2793 655 2858 Scilicet
676 2798 716 2858 ut
739 2815 839 2880 prope
862 2816 896 2860 se
920 2795 1062 2860 rusticus
1084 2817 1167 2860 ervo
1188 2795 1282 2860 colet.

437 2896 641 2983 “Agrorum
665 2895 784 2981 cupidi,
809 2917 979 2982 nunquam
1003 2902 1108 2962 metes
1131 2897 1196 2962 sibi
1219 2897 1295 2983 poni

481 3005 498 3031 “
522 2997 649 3062 Vicinis
673 2996 797 3064 vellent
820 2999 923 3086 pestis
945 2999 1061 3084 inique
1082 3000 1158 3066 suis.

438 3103 456 3130 “
480 3099 543 3163 Lac
566 3102 600 3162 et
623 3098 699 3162 lano
721 3120 835 3186 greges
858 3100 969 3165 ovium
994 3123 1214 3186 pecorumque
1237 3098 1462 3178 ministrent‚¹¹

480 3207 497 3234 “
525 3199 623 3282 Quod
646 3200 727 3266 sotis
750 3207 807 3280 est,
833 3202 984 3287 quemvis
1007 3203 1056 3266 nil
1078 3204 1160 3268 sotis
1183 3223 1251 3268 esse
1274 3207 1400 3290 putent.

435 3309 452 3336 ‘⁴
478 3302 592 3368 Paucis
615 3304 773 3382 contenti,
797 3325 864 3368 non
887 3309 1017 3369 cessant
1040 3326 1184 3390 quaerere
1208 3327 1335 3391 mogus,

480 3412 497 3438 “
522 3406 662 3470 Etcum
687 3406 880 3492 possideant
903 3407 1024 3488 omnis,
1048 3428 1177 3494 semper
1198 3411 1303 3492 egent.

436 3512 453 3540 ‘¹
477 3508 557 3571 Otia
579 3510 697 3572 sectori
722 3531 788 3576 non
811 3531 864 3574 me
885 3507 1051 3595 patienter
1073 3509 1205 3588 ibidem,

480 3615 496 3641 “
522 3609 587 3672 Sed
612 3610 693 3674 bene
716 3632 768 3674 me
792 3616 928 3696 pascent
951 3611 987 3675 in
1010 3611 1161 3677 novitate
1184 3632 1266 3677 rnen.

436 3717 451 3744 “
477 3709 640 3774 Omnibus
663 3711 845 3797 injungunt
869 3735 991 3800 operes,
1015 3735 1057 3776 ne
1081 3713 1269 3792 desidiosus,

480 3817 496 3844 “
520 3811 592 3874 Aut
616 3813 812 3899 quandoque
838 3837 967 3891 vacans,
990 3815 1181 3882 invenietur
1204 3815 1258 3880 ibi.

434 3917 451 3944 “
476 3912 623 3976 Sobboto
646 3935 721 3977 rora
743 3915 863 3994 colunt,
887 3917 972 3982 mole
995 3919 1212 4003 respondente
1235 3917 1394 4001 coquins;

480 4021 496 4047 “
521 4015 583 4080 Est
605 4015 651 4080 ibi
675 4016 769 4102 virgo
791 4019 951 4104 frequens,
975 4025 1075 4105 obque
1098 4019 1199 4085 diaeta
1220 4017 1339 4105 gravis

469 4314 475 4346 ¹
487 4323 531 4364 out
542 4317 621 4377 moris,
636 4317 664 4366 Ρ.
1015 4319 1026 4351 ⁶
1039 4318 1069 4368 Si
1079 4337 1154 4383 quem,
1166 4321 1196 4370 B.

466 4393 578 4458 2ικιΙιηιί,
588 4395 618 4446 Β.
1014 4397 1024 4436 7
1037 4397 1154 4460 exscrbot,
1168 4401 1197 4448 P.

465 4473 547 4522 ⁸Nou
561 4473 664 4523 venduut
674 4473 717 4533 rel,
726 4475 757 4524 B.
792 4473 850 4523 Non
862 4491 935 4525 ronre-
1014 4475 1120 4527 ⁸ibere
1134 4485 1184 4526 two
1202 4477 1265 4527 lines
1281 4478 1334 4528 niso
1351 4493 1392 4528 are
1410 4476 1482 4542 given

432 4551 548 4612 duritiei,
561 4553 589 4601 Ρ.
979 4556 1044 4607 t'rom
1057 4559 1086 4608 B.

464 4631 530 4688 ⁴cis‚
542 4631 571 4679 B.
618 4677 620 4682 ,
1012 4635 1106 4685 ⁹Ordo
1120 4635 1292 4698 Cistertirnsis,
1304 4637 1333 4688 B.

466 4707 475 4738 ⁵
489 4707 570 4758 These
581 4715 631 4758 trro
643 4709 707 4760 lines
724 4726 765 4762 ere
782 4711 857 4778 giren
870 4711 935 4763 from
1013 4715 1033 4747 ¹⁰
1043 4714 1196 4779 siuesrntre,
1207 4717 1236 4765 B.

433 4788 463 4836 B.
1023 4793 1030 4824 ¹
1043 4795 1172 4854 minmtrot,
1185 4794 1216 4845 B.
