3524 5802
416 765 458 829 24
513 775 693 828 SATIRIOAL
717 775 821 826 roms
845 776 889 824 or
910 775 981 825 rna
1003 773 1170 824 rwmrrn
1193 775 1365 826 emanas.

416 953 435 987 “
457 949 572 1018 Gauda
594 949 674 1016 colit
696 971 821 1038 eorpus,
843 949 930 1015 eutis
952 953 1002 1014 est
1024 948 1185 1014 fidissima
1205 948 1331 1030 nutrix,

461 1059 480 1090 “
502 1053 653 1120 Pulveris
675 1052 866 1138 abstergens
888 1051 1046 1138 quiequid
1068 1050 1207 1116 adhaesit
1229 1051 1283 1116 eis

416 1160 434 1190 “
458 1153 546 1222 Haee
563 1155 664 1232 lavat,
687 1153 757 1220 haee
779 1151 888 1240 tergit,
912 1152 982 1219 haee
1005 1174 1058 1218 om
1085 1151 1159 1217 'bus
1181 1174 1249 1218 una
1271 1151 1446 1231 ministrat,

463 1261 480 1290 ‘¹
503 1256 635 1323 Ultima
656 1255 886 1335 member-rum,
909 1255 1018 1340 prima
1039 1253 1073 1318 la
1117 1275 1151 1320 re
1174 1275 1241 1320 suo.

418 1363 437 1392 “
458 1357 496 1424 Si
517 1359 600 1424 bene
622 1361 788 1446 pensetur,
812 1357 895 1442 quid
917 1355 1051 1422 honoris
1073 1359 1108 1422 et
1130 1355 1290 1422 utilitatis

462 1466 479 1496 ‘¹
502 1459 713 1526 Contulerint
735 1459 878 1526 dominas
900 1459 1031 1546 singula
1052 1458 1199 1524 mambra
1220 1480 1298 1538 sure,

418 1567 437 1597 “
459 1561 536 1628 Sela
558 1583 618 1627 sue
641 1561 741 1648 eapiti
763 1560 920 1626 membris
943 1560 1000 1652 sed
1023 1565 1058 1626 et
1080 1560 1232 1626 omnibus
1254 1581 1323 1625 una

463 1669 480 1698 ‘¹
503 1663 582 1728 Plus
604 1663 703 1742 valet,
726 1669 778 1728 est
800 1667 835 1727 et
856 1662 904 1728 eie
928 1662 1069 1728 officiosa
1091 1662 1204 1749 magis.

418 1768 437 1798 “
461 1763 625 1830 Omnibus
647 1786 715 1830 una
737 1785 855 1830 cavens
877 1763 1003 1851 fragilis
1026 1764 1217 1829 discrimina
1238 1785 1343 1842 sexus,

464 1873 482 1900 “
505 1866 642 1933 Publica
663 1889 705 1932 ne
726 1870 863 1952 puteant
884 1866 988 1931 eauda
1009 1866 1164 1953 pudenda
1185 1865 1277 1952 tegit.

342 1986 355 2004 r
418 1973 436 2003 “
459 1967 542 2034 Heee
565 1990 639 2034 mea
662 1968 766 2033 caude
788 1967 870 2032 mihi
893 1969 987 2033 vario
1009 1989 1068 2054 pro
1090 1975 1236 2054 tempore
1259 1968 1393 2048 confert,

462 2076 480 2104 ‘¹
503 2069 585 2150 Quae
608 2076 721 2135 temen
743 2074 795 2134 est
816 2074 905 2135 certo
928 2076 1075 2157 tempore
1096 2074 1192 2156 grata
1214 2069 1328 2156 magis

420 2180 439 2213 “
462 2171 622 2258 Tempora
645 2193 724 2236 nam
746 2170 847 2236 timeo
869 2193 944 2258 quae
965 2177 1046 2237 sunt
1067 2171 1151 2235 mihi
1168 2171 1244 2257 jure
1266 2171 1423 2252 timenda,

463 2283 480 2310 ‘¹
503 2273 574 2338 Nec
595 2273 694 2339 timet
716 2273 881 2339 ineassum
903 2274 960 2359 qui
983 2273 1072 2338 mela
1092 2271 1193 2338 nete1
1216 2273 1322 2341 timet.

418 2376 607 2462 “Cumque
630 2375 711 2462 quid
734 2380 769 2442 et
791 2397 887 2462 passa
908 2376 972 2442 sim
994 2376 1048 2440 vel
1069 2397 1206 2462 passure
1227 2375 1387 2457 recordor,

462 2485 480 2512 “
503 2477 586 2544 Haec
608 2499 668 2564 ego
691 2498 765 2542 sum
787 2498 915 2564 semper
937 2476 1045 2542 dicere
1067 2477 1139 2542 visa
1161 2477 1262 2542 mihi:

417 2587 435 2617 ‘¹
458 2581 541 2646 Eeee
562 2580 632 2645 dies
654 2581 794 2646 veniunt
816 2579 911 2657 veris,
935 2601 1118 2665 museaeque
1140 2577 1332 2666 resurgent,²

461 2688 478 2717 “
502 2682 592 2762 Quas
615 2677 780 2768 castigat8
802 2682 909 2747 adhue
931 2703 1014 2747 eane
1036 2682 1155 2768 pruina
1176 2681 1261 2769 gelu,

417 2791 436 2820 “
459 2784 544 2850 Ourn
566 2783 654 2848 eelor
676 2783 802 2848 aestatis
825 2783 929 2848 nimio
952 2783 1105 2850 fervore*
1126 2804 1186 2872 per
1207 2805 1302 2871 agros

462 2891 480 2921 “
504 2884 669 2971 Sparserit
692 2906 788 2950 omne
811 2907 909 2972 pecus
931 2885 1152 2972 terrueritque
1174 2875 1306 2973 g'reges3

418 2994 436 3024 “
459 2987 582 3064 Musca,
604 2986 716 3074 gravis
738 2987 850 3072 pestis,
874 3008 940 3072 que
962 2986 1055 3052 nulls
1076 2985 1249 3052 nocivior⁶
1271 3009 1417 3074 unquam

461 3097 478 3124 “
501 3088 628 3154 Extitit
650 3089 687 3153 in
709 3089 834 3155 mundo
858 3088 911 3155 vel
933 3089 1038 3176 magis
1060 3093 1135 3156 atra
1157 3090 1237 3154 lues.

415 3201 432 3228 “
455 3193 839 3381 tetstatur
861 3192 1362 3380 iiuiniiiiiapffbf'sbem

415 3402 432 3432 “
455 3396 608 3482 Namque
630 3397 695 3462 levi
718 3396 807 3461 seltu
829 3400 989 3482 tanquam
1011 3417 1070 3483 per
1092 3397 1191 3462 inane
1213 3395 1363 3462 volantes

461 3506 479 3535 “
501 3498 666 3564 Morsibus
688 3503 723 3562 et
745 3497 889 3562 stimulis
912 3497 1099 3586 exagitabit
1122 3519 1184 3563 eas.

416 3607 433 3636 ‘⁴
456 3597 541 3664 Illa⁷
565 3599 634 3664 dies
657 3598 796 3664 caudam
818 3600 945 3664 cunetis
967 3597 1085 3664 dabit⁸
1109 3621 1177 3664 esse
1199 3599 1373 3682 salubrem,

461 3711 478 3738 “
502 3701 548 3765 Et
571 3721 650 3766 suus
671 3705 821 3766 aestatem
844 3699 1007 3788 praevenit
1029 3723 1137 3788 augur
1158 3702 1271 3768 hiems.

415 3811 434 3842 “
457 3803 556 3869 Forte
580 3801 649 3867 dies
671 3801 778 3868 aderit
800 3804 836 3868 in
858 3825 932 3889 qua,
954 3804 990 3868 ni
1012 3800 1131 3884 fallor,⁹
1153 3803 1265 3890 egebit

461 3913 479 3941 ‘⁸
502 3903 609 3968 Vaces
631 3924 691 3968 sua
713 3903 817 3969 cauda
839 3927 939 3990 quam
961 3905 1059 3972 modo
1082 3906 1208 3992 sprevit
1219 3905 1245 3944 ¹⁰
1267 3907 1324 3973 ita.

416 4015 432 4042 “
456 4005 522 4071 Illa
543 4004 613 4070 dies
636 4003 749 4070 eaudae
770 4004 869 4071 faciet
890 4007 1077 4073 meminisse
1096 4008 1261 4092 juvencas,

460 4114 478 4144 “
500 4107 547 4172 Et
568 4106 695 4174 steriles
717 4127 840 4184 vaceae,
863 4109 1080 4196 emeritosque
1089 4108 1115 4148 ¹¹
1137 4110 1246 4177 boves.

447 4349 455 4383 1
467 4357 531 4413 vota,
543 4348 574 4400 P,
993 4348 1004 4387 7
1016 4347 1069 4410 Ille,
1081 4350 1115 4400 A.

446 4431 602 4494 'rmryuut
615 4429 644 4480 B.
656 4430 707 4480 and
718 4429 748 4478 P.
992 4440 1003 4473 ⁸
1015 4439 1090 4504 decet,
1102 4443 1131 4493 P.

446 4505 457 4539 ³
471 4506 542 4567 Ques
552 4505 669 4570 sepelivit,
678 4507 709 4557 B.
1037 4534 1042 4546 ·
1059 4535 1064 4544 ·

446 4583 457 4616 ⁴
468 4581 558 4645 calere,
568 4583 599 4633 1³.

446 4664 456 4696 ⁵
468 4662 598 4723 nocenter,
610 4662 640 4712 B.

446 4741 457 4773 ⁸
468 4741 535 4804 sinit,
546 4741 577 4792 B.
