3524 5802
519 881 665 931 urorum
689 880 873 932 soncunuu
897 879 1111 933 srunronnu.
1295 867 1334 930 21

284 1064 302 1094 “
325 1055 435 1122 Rebus
457 1055 494 1120 in
516 1055 679 1142 ambiguis
701 1054 854 1142 quotiens
877 1055 1014 1120 fortuna
1035 1055 1173 1131 loborat,

327 1165 344 1194 ‘¹
367 1158 550 1224 Consilium
574 1177 720 1244 praeoeps
743 1177 812 1222 non
834 1157 927 1222 deoet
950 1178 1019 1222 esso
1041 1156 1149 1221 nimis.

280 1265 299 1296 “
321 1261 477 1346 Impetus,
500 1263 540 1324 ut
569 1259 718 1340 memini,
741 1258 853 1346 gravis
883 1262 944 1336 est,
967 1257 1053 1324 maie
1083 1255 1193 1323 osrto¹
1219 1256 1332 1322 minis-

368 1367 388 1397 “
410 1366 499 1442 trut3

325 1470 342 1498 “
366 1463 403 1529 Si
425 1463 511 1530 mole
533 1469 652 1531 cuncte
674 1463 763 1544 fouit,
788 1484 865 1551 ergo
887 1484 948 1530 neo
970 1462 1040 1528 nilo
1061 1463 1152 1528 bone.

278 1573 298 1604 ‘⁸
321 1565 400 1632 Non
422 1587 505 1654 opus
527 1571 578 1633 ost
600 1565 767 1654 gravibus,
783 1566 842 1632 ubi
857 1588 909 1632 res
930 1565 1043 1654 gravis
1065 1568 1173 1631 estet
1195 1564 1321 1644 acerba,

323 1674 342 1704 “
365 1668 431 1734 Sed
453 1669 559 1756 magis
582 1668 709 1734 auxilio
732 1668 931 1755 consilioque
953 1667 1049 1734 bono.

280 1778 296 1807 “
321 1769 438 1836 Mitius
459 1769 496 1834 in
518 1771 610 1836 duris
632 1770 871 1861 sopiensuOoto
893 1770 1033 1836 mandat
1054 1769 1227 1856 agendum,

324 1877 343 1906 “
366 1872 481 1938 Mollis
503 1894 546 1938 ns
567 1877 706 1958 pereant
727 1873 906 1958 asperitate
929 1871 1032 1960 gravi.

279 1981 298 2012 “
322 1975 388 2042 Res
410 1973 469 2040 ubi
492 1973 640 2055 difficilis,
664 1995 732 2040 non
754 1979 806 2040 est
827 1974 876 2040 ita
897 1973 1181 2061 praeoipitnndum,

324 2083 343 2113 “
365 2077 523 2165 Tempore
546 2082 683 2143 sonatur
705 2076 791 2163 quod
815 2077 946 2142 rationo
968 2075 1092 2163 nequit.

278 2187 299 2215 “
322 2179 360 2245 Si
381 2177 516 2245 fortuna
537 2179 635 2244 modo
657 2179 769 2265 gravis
791 2184 850 2260 est,
874 2199 1031 2246 eonversu
1052 2183 1188 2265 repento

325 2287 343 2316 “
367 2280 463 2362 Quod
485 2301 586 2367 grove
608 2286 778 2366 portamus
800 2281 972 2347 alleviabit
995 2282 1098 2347 onus.²

282 2388 301 2418 “
324 2382 486 2468 Tempora
507 2381 675 2462 labuntur,
699 2381 891 2467 dominique
913 2380 1059 2462 eadunt,³
1079 2387 1284 2449 renovantur

326 2491 345 2520 “
368 2483 473 2564 Servi,
496 2483 617 2570 vulgus
640 2483 719 2562 abit,
743 2504 820 2548 ores
842 2483 913 2549 loto
935 2481 1050 2570 potet*

282 2592 300 2622 “
325 2585 408 2668 Quae
430 2585 573 2651 veniunt
595 2585 714 2662 subito,
737 2585 849 2651 subito
872 2585 1070 2672 quandoque
1093 2586 1250 2653 recedunt
1262 2607 1271 2666 ;

326 2695 343 2726 “
365 2689 524 2774 Prospero
545 2707 620 2751 oum
642 2685 734 2752 duris
757 2687 865 2752 mixto
887 2687 1001 2754 venire
1023 2687 1137 2755 solent.

282 2796 301 2828 “
324 2790 496 2856 Fortuitos
518 2809 613 2854 ossus
635 2809 703 2854 non
726 2791 777 2855 est
798 2789 907 2854 vitare
929 2789 1109 2871 volentum,

326 2898 344 2927 “
367 2892 475 2957 Nemo
498 2889 686 2956 futurorum
708 2890 864 2977 praeseius
885 2912 953 2957 esso
976 2895 1094 2978 potest.

282 3001 299 3031 ‘⁶
323 2994 403 3060 Plus
424 2993 515 3059 volet
536 2992 705 3058 interdum
727 3013 796 3058 non
818 2994 1038 3080 praetimuisso
1061 2994 1183 3076 futuro,

327 3102 345 3131 ‘⁶
368 3095 475 3176 Quam
498 3097 626 3160 eertum
648 3094 721 3160 fieri
743 3095 984 3182 sollicitumque
1006 3095 1115 3163 nimis.

282 3206 299 3234 ‘⁶
323 3197 412 3264 Nom
433 3219 494 3262 suo
515 3195 709 3262 multotiens
732 3196 847 3262 doouit
867 3197 1003 3264 vexatio
1026 3197 1157 3278 multos,

328 3306 346 3335 “
369 3298 488 3365 Obfuit
511 3304 546 3364 st
567 3297 706 3363 multis⁶
729 3297 948 3384 prosperitate
969 3297 1042 3363 frui.

283 3409 300 3438 “
324 3401 462 3469 Ossibus
483 3400 520 3466 in
542 3399 629 3465 laetis
651 3399 760 3464 minor
782 3404 833 3465 est
855 3399 1002 3465 sollertia
1022 3401 1146 3490 multis,

330 3511 347 3538 ‘⁶
371 3501 494 3567 Erudit
514 3501 665 3567 incantos
687 3500 875 3567 sollicitudo
897 3501 1017 3589 gravis.

286 3613 303 3641 ‘⁶
326 3603 464 3673 Ossibus
486 3603 523 3668 in
545 3602 632 3668 laetis
655 3602 760 3690 magis
782 3607 834 3668 est
855 3603 1034 3670 metuendo
1056 3603 1219 3692 voluptas,

329 3713 347 3742 “
369 3704 510 3792 Segnius
532 3705 570 3769 in
591 3703 714 3770 vitium
736 3705 849 3772 tristis
870 3705 968 3772 cordo
989 3702 1115 3772 ruunt.⁰

284 3817 302 3847 “
324 3807 460 3896 Integra
484 3805 584 3893 Trojo
606 3807 673 3872 fuit
695 3807 774 3873 dum
797 3828 832 3873 se
855 3813 1025 3895 suspectus
1047 3806 1237 3895 utrimque⁷

328 3916 346 3946 “
370 3907 572 3976 Subtroxit⁸
595 3909 699 3975 durus
720 3909 825 3974 hostis
848 3910 891 3974 ab
913 3911 1007 3976 hoste
1029 3931 1098 3976 suo.

285 4023 301 4050 “
324 4011 395 4078 Pax
417 4012 497 4077 dota
519 4011 693 4092 subvertit,
718 4032 792 4097 quse
814 4011 929 4098 proelio
950 4033 1018 4077 non
1039 4016 1228 4098 potnerunt,

329 4121 347 4150 “
370 4113 505 4191 Moenia,
527 4112 602 4199 plus
623 4111 739 4179 nocuit
761 4133 837 4200 rege
859 4113 996 4180 remisso
1017 4135 1144 4182 munus

831 4517 836 4532 ι
864 4439 874 4473 ⁶
885 4438 968 4491 These
980 4445 1030 4490 two
1041 4441 1152 4505 oonplets
1163 4455 1205 4492 are
1215 4442 1331 4492 reversed

530 4637 538 4662 ,
573 4635 579 4649 .
830 4518 1018 4660 miiitum,
1028 4596 1056 4648 P.

317 4679 327 4711 ⁴
339 4679 406 4728 atriu
418 4676 572 4742 interpatent,
584 4677 614 4729 P.
863 4675 875 4708 ⁸
888 4673 1057 4739 sensatas,
1068 4677 1098 4728 B.

317 4756 365 4805 ‘in
376 4755 463 4818 mulinis,
475 4755 506 4806 B.
