3512 5842
380 833 423 898 68
481 843 661 894 sanarent
683 844 787 893 rorrs
810 844 854 894 or
877 843 947 892 ran
971 843 1136 892 rustris
1160 844 1336 894 esurum,

384 1021 401 1048 “
425 1017 544 1096 Qualia
566 1022 746 1085 cernuntur
768 1022 930 1083 nocturno
953 1016 1081 1081 somnia
1103 1015 1188 1096 visu,

428 1127 446 1154 “
469 1121 563 1186 Talia
584 1143 653 1187 non
674 1120 799 1186 debent
821 1141 918 1184 mane
941 1122 1099 1204 sequente
1121 1119 1224 1204 sequi.

384 1228 401 1255 “
426 1221 492 1288 Sed
514 1224 586 1289 viee
608 1243 765 1288 conversa
787 1226 866 1303 sunt
889 1220 1086 1306 exponenda
1107 1219 1263 1298 vicissim,

429 1332 446 1358 “
469 1325 582 1412 Atque
604 1347 662 1413 per
683 1323 902 1412 antiphrasim
925 1324 1060 1402 somnia,
1083 1323 1177 1390 crede
1201 1323 1291 1388 mihi.

384 1433 402 1460 “
426 1427 462 1492 Si
487 1427 573 1493 bona
598 1426 734 1507 vidisti,1
757 1431 838 1492 tuno
860 1447 976 1512 aspera
999 1425 1106 1490 multa
1128 1429 1331 1511 sequentum

429 1536 446 1564 “
470 1529 507 1596 Si
529 1529 625 1608 mala,
646 1551 715 1594 non
738 1528 870 1595 dubites
893 1549 1048 1616 prospera
1070 1526 1176 1594 muita
1199 1529 1301 1614 sequi.

367 1635 402 1664 ““
426 1631 480 1697 Sic
502 1653 575 1698 mea
597 1631 770 1698 consuevit
792 1652 956 1716 exponere
979 1631 1106 1695 somnia
1128 1635 1245 1709 mater,

429 1740 447 1766 “
471 1733 566 1798 Siout
588 1739 661 1798 erat
683 1731 828 1818 prudens
850 1737 951 1818 etque
974 1733 1098 1798 diserta
1120 1731 1227 1798 nimie.

385 1840 402 1868 “
428 1834 536 1900 Mater
558 1835 600 1900 ob
623 1833 707 1900 hano
730 1856 861 1900 causam
884 1834 977 1900 litem
1000 1856 1072 1899 cunr
1098 1839 1192 1920 patre
1215 1833 1405 1918 frequenter

429 1943 448 1970 “
472 1933 635 2016 Instituit,
659 1936 832 2022 superbis
856 1938 998 2022 plurima
1021 1937 1122 2002 verba
1145 1957 1261 2000 serens.

385 2046 403 2072 “
429 2039 504 2126 Ipse
526 2045 638 2104 tamen
660 2040 761 2104 matri
784 2059 912 2125 semper
936 2040 1101 2104 contraria
1122 2039 1235 2116 sensit,

430 2149 447 2174 “
471 2142 517 2206 Et
541 2163 600 2205 sua
623 2141 753 2208 dioebat
777 2142 933 2228 dogmata
955 2141 1038 2206 salsa
1060 2141 1137 2206 fore.

387 2249 403 2278 “
428 2242 555 2329 Utpote
579 2244 637 2329 qui
659 2244 766 2308 suerat
789 2249 953 2308 astrorum
977 2243 1047 2328 iege
1071 2244 1206 2330 peritus,

430 2351 447 2380 “
471 2347 502 2408 A
525 2367 625 2432 puero
649 2346 764 2411 doetus
787 2336 882 2432 signa
903 2351 1019 2410 notare
1042 2346 1117 2432 poli.

464 2658 642 2725 Sententia
664 2657 825 2724 Burnelti
848 2657 887 2723 de
911 2658 971 2744 [se]
988 2656 1150 2744 sariendo
1172 2653 1344 2742 «φὶ-3001303

386 2846 404 2873 “
428 2839 492 2905 Sed
518 2839 759 2927 quodcunque8
781 2844 846 2908 mei
869 2865 967 2929 super
989 2842 1041 2907 his
1063 2862 1190 2908 sensere
1213 2843 1374 2928 parentes

429 2949 448 2976 “
473 2943 568 3008 Mens
591 2965 664 3009 mea
688 2951 759 3010 tota
781 2945 906 3024 tremit,
929 2945 1027 3031 plena
1049 2945 1169 3009 timore
1193 2964 1288 3008 novo.

387 3051 404 3078 “
427 3045 495 3110 Cur
532 3049 645 3110 tamen
683 3046 744 3113 hoe
789 3049 947 3114 timeam?
991 3069 1066 3112 oum
1104 3069 1172 3112 non
1210 3045 1303 3111 sint⁴
1343 3044 1419 3130 jure

472 3147 659 3214 “timenda

428 3257 446 3285 ‘¹
470 3250 551 3332 Quae
574 3257 742 3337 nequeunt
765 3252 830 3318 aiio
853 3257 941 3318 stare
963 3251 1017 3316 vel
1039 3251 1086 3316 ire
1109 3249 1214 3317 modo.

384 3358 402 3386 “
426 3353 517 3430 Fata,
542 3376 601 3420 neo
624 3355 658 3420 id
682 3355 808 3434 dubito,
831 3353 986 3440 quiequid
1009 3353 1178 3418 statuere⁵
1200 3352 1351 3418 futurum

391 3463 455 3538 ἢ
470 3456 631 3534 Eveniet3
654 3461 769 3521 contra
791 3478 887 3521 nemo
911 3455 1024 3520 venire
1048 3459 1163 3541 potest

383 3563 401 3592 “
425 3557 536 3622 Rebus
559 3557 768 3622 inhumanis
791 3579 847 3622 seu
871 3557 1042 3622 decrevere
1065 3555 1212 3622 futurum

369 3681 375 3692 ·
429 3667 446 3693 “
471 3659 565 3739 Fata,
590 3658 702 3745 qu0d⁰
724 3661 858 3725 eveniat
880 3681 1006 3746 semper
1030 3663 1160 3745 oportet
1182 3659 1239 3724 ita.

384 3768 401 3796 “
427 3761 534 3826 Netno
557 3761 609 3825 sui
631 3761 693 3826 fati
715 3763 769 3826 vel
792 3763 940 3828 devitare
963 3769 1110 3828 tenorem

429 3871 446 3897 ‘⁴
471 3863 532 3928 Vel
555 3863 704 3928 mutare⁷
727 3869 855 3951 potest3
879 3886 955 3952 ergo
978 3886 1038 3930 neo
1061 3865 1130 3952 ipse
1153 3865 1225 3930 mei.

383 3972 401 4000 “
426 3966 470 4030 Et
494 3971 604 4030 tamen
627 3967 741 4052 ignoro
764 3989 837 4053 quae
860 3972 940 4032 sunt
962 3988 1037 4032 mea
1058 3967 1128 4031 fata
1151 3967 1271 4046 futura,

428 4074 446 4102 ‘⁶
470 4068 628 4154 Prospera
650 4063 703 4133 vei
726 4069 896 4148 derasen
920 4069 1007 4133 araia
1029 4069 1098 4134 sive
1122 4067 1230 4134 bona.8

287 4179 291 4186 ’
383 4179 401 4206 “
425 4171 618 4236 Pontificem
640 4171 752 4236 forsan
775 4193 827 4238 me
850 4171 1049 4238 constituere
1071 4170 1230 4250 futurum,

429 4281 446 4308 ‘⁴
472 4273 576 4359 Inque
599 4295 673 4340 mea
694 4274 804 4360 patria
826 4273 913 4340 sedis
935 4273 1056 4338 honore
1079 4272 1152 4340 srui.

387 4469 466 4476 ——n-
471 4470 507 4476 -
513 4469 607 4476 ...m-.-
612 4469 816 4476 ---.-.-.-.-----
829 4470 846 4474 -η
855 4469 1092 4476 ...—.---—---..-

417 4586 424 4618 ¹
438 4585 540 4646 vidistis,
551 4587 582 4637 B.
902 4621 905 4672 p
959 4587 1025 4637 ⁵sed
1035 4587 1095 4652 quid
1104 4595 1220 4649 statuere,
1234 4589 1263 4637 P.

416 4663 427 4695 ²
438 4663 589 4727 desertando
599 4682 625 4714 ee
637 4668 782 4732 episcopum,
796 4667 826 4717 P.
960 4665 1047 4730 ‘quid
1060 4667 1089 4716 P.

416 4740 427 4772 ³
438 4741 476 4791 Et
486 4741 648 4808 qaodcunque,
660 4746 689 4796 P.
960 4745 970 4782 ἵ
982 4747 1068 4808 vitare,
1082 4746 1113 4796 B.

417 4823 502 4884 *Μὴ
515 4823 544 4872 Ρ.
960 4824 971 4856 ⁸
985 4823 1022 4875 rei
1032 4823 1094 4875 dono
1107 4825 1159 4874 rive
1171 4822 1244 4885 malo,
1255 4825 1285 4877 P.
