3524 5802
409 837 451 900 42
509 848 689 900 semerom
712 849 818 900 roure
841 850 884 900 oc
908 849 979 900 rus
1001 850 1166 900 runnrru
1188 853 1357 903 crurum.

407 1025 571 1092 Anxietcs
593 1026 697 1091 animi
719 1026 843 1108 crescit,
866 1025 1061 1092 stimulate1
1083 1026 1203 1108 dolore,

451 1127 722 1215 Alternantque²
743 1129 831 1196 vices
854 1129 931 1195 hinc
954 1127 1055 1209 dolor,
1077 1129 1157 1195 inde
1178 1129 1296 1217 pudor.

408 1231 488 1298 Plus
509 1237 623 1298 temen
643 1231 765 1320 affligit
787 1233 902 1325 pudor,
926 1229 1028 1298 hinc⁸
1049 1233 1229 1300 comitante
1251 1235 1371 1316 dolore,

453 1334 560 1414 Quem
582 1333 704 1400 faceret
726 1335 814 1400 solus
835 1336 958 1420 absque
980 1335 1105 1422 pudore
1128 1335 1227 1401 dolor.

407 1436 512 1502 Totus
532 1437 569 1502 in
592 1457 647 1502 ore
669 1459 787 1502 cenum
813 1437 913 1503 miser
935 1443 970 1503 et
991 1437 1186 1504 miserabilis
1207 1437 1264 1504 ille

452 1538 619 1620 Volvitur,
642 1543 678 1604 et
699 1539 761 1604 soli
783 1540 842 1604 vix
864 1539 928 1604 sibi
951 1540 1025 1604 vite
1045 1545 1166 1605 menet.

407 1642 477 1708 Nec
499 1641 590 1728 prius
613 1662 633 1705 a
655 1641 773 1706 misero
794 1663 829 1706 se
851 1642 1043 1708 continuere
1065 1639 1198 1706 molossi

452 1745 564 1808 Donec
586 1743 794 1807 Fromundus
815 1743 875 1807 vix
898 1742 1065 1808 cohiberet
1087 1763 1152 1808 eos.

407 1846 526 1911 Frater
548 1845 764 1924 Fromnndus
788 1845 929 1909 fratrum
951 1845 992 1910 de
1015 1866 1104 1910 more
1126 1867 1268 1927 suorum,

450 1948 530 2012 Non
551 1947 647 2026 ferus,
670 1948 771 2012 immo
791 1947 861 2012 fere
883 1946 1120 2013 dissimulando
1142 1947 1219 2026 diu;

407 2049 459 2116 Ut
481 2049 564 2114 solet
585 2048 674 2114 illius
696 2050 805 2136 gentis
826 2071 930 2136 genus
951 2049 1037 2115 illud
1058 2049 1218 2136 iniquum,

451 2151 520 2216 Vix
541 2149 643 2216 etiam
665 2151 801 2215 tandem
822 2151 957 2216 tendere
980 2151 1086 2238 coepit‘
1104 2172 1150 2216 eo.

406 2252 486 2318 Non
507 2263 620 2319 tumen
641 2254 830 2334 accelerans,
853 2254 891 2318 ni
912 2275 987 2319 cum
1009 2254 1159 2340 pulsatur
1181 2253 1225 2318 ed
1247 2253 1354 2334 ollem,

451 2356 503 2422 Ut
524 2355 608 2420 solet
630 2354 673 2419 ed
695 2376 841 2420 mensum
863 2360 980 2420 ventre
1003 2355 1138 2420 docente
1160 2355 1250 2420 viam
1261 2379 1270 2434 ;

407 2457 473 2525 Sed
495 2457 577 2544 pede
599 2457 774 2543 spondaico
797 2477 911 2543 gressu
932 2457 1087 2543 grediens
1109 2457 1247 2538 asinino,

451 2560 502 2627 Ut
524 2559 607 2625 solet
629 2559 673 2624 ed
693 2557 808 2624 leudes
830 2562 928 2624 nocte
950 2558 1064 2624 venire
1086 2559 1199 2640 venit;

407 2663 665 2747 Extendensque
687 2681 832 2740 munmn,
856 2661 954 2741 dicto,
977 2659 1179 2726 benedicitei
1209 2661 1273 2728 hut
1304 2661 1365 2726 hu!

449 2764 556 2844 Dixit,
580 2767 615 2828 et
637 2760 787 2826 emovit⁴
809 2762 1036 2847 corripuitque
1058 2783 1163 2830 cenes.

561 3003 746 3090 Responsio
768 3000 929 3066 Bumwltc'
945 2999 1008 3086 [ad
1022 2997 1287 3086 Froruuudum]

350 3131 352 3141 ,
405 3157 469 3224 Oui
491 3154 665 3220 Burnellus
687 3153 757 3226 eit:
782 3158 799 3187 “
815 3151 996 3237 Nunquam
1019 3151 1063 3216 sis
1085 3149 1150 3216 tu⁶
1172 3149 1375 3232 benedictus,

450 3265 468 3294 “
492 3257 558 3324 Sed
580 3255 783 3322 malediceris
805 3260 938 3341 tempus
958 3252 994 3316 in
1017 3273 1114 3317 omne
1134 3256 1252 3317 tuum!

405 3369 423 3397 ‘⁴
446 3361 538 3427 Num
560 3358 758 3424 Benedictus
780 3357 830 3422 ite
851 3355 965 3421 docuit
987 3375 1056 3436 vos,
1079 3355 1116 3418 in
1138 3354 1327 3442 peregrinos

448 3471 466 3498 “
491 3461 655 3548 Instigare
678 3461 796 3524 cenes?
841 3455 958 3522 Num⁶
982 3456 1178 3522 Benedictus
1201 3456 1276 3521 ite?

403 3569 421 3600 “
444 3564 512 3630 Hic
534 3567 584 3628 est
607 3562 687 3626 ordo
709 3581 837 3642 novus3
859 3559 930 3624 haec
951 3580 1040 3624 nove
1062 3558 1183 3644 regule,
1207 3557 1317 3636 freter,

448 3673 465 3701 “
490 3664 705 3731 Observande
726 3661 799 3744 tibi,
823 3661 950 3726 tradite
966 3663 1042 3747 jure
1065 3681 1159 3727 novo.

404 3773 422 3802 ‘⁶
446 3766 607 3854 Nunquid
629 3763 769 3832 Cisterci
790 3785 896 3830 canon
918 3762 985 3828 fuit
1006 3760 1092 3836 iste⁷
1114 3767 1289 3851 repertus?

449 3875 467 3904 “
490 3869 591 3934 Venit
612 3872 647 3933 et
668 3867 747 3931 hine
769 3866 813 3930 ed
833 3886 894 3930 nos
916 3864 1042 3930 ordinis
1065 3864 1128 3929 iste
1150 3864 1265 3950 rigor?

403 3975 422 4006 “
444 3970 617 4054 Numquid
639 3969 676 4033 in
698 3968 759 4034 hoc
781 3988 870 4032 enno
892 3967 950 4054 qui
975 3987 1156 4032 convenere
1178 3965 1241 4032 sub
1263 3987 1330 4031 uno

448 4079 465 4106 “
489 4072 585 4137 istud
607 4075 806 4158 praeceptum
829 4069 1028 4134 constituere
1050 4071 1184 4155 petrest

402 4181 419 4208 “
443 4173 573 4240 Summi
595 4171 762 4261 pontificis
784 4171 921 4236 canibus
944 4191 1065 4235 vexere
1088 4169 1300 4234 ministrum?

446 4283 464 4311 “
487 4276 606 4342 Nescio
628 4275 657 4340 si
679 4273 776 4339 vobis
798 4271 912 4360 regula
934 4275 1046 4336 vestre
1063 4270 1172 4355 jubet.

398 4434 501 4444 —-·

434 4508 442 4540 ¹
453 4505 575 4568 maulam,
586 4507 616 4557 P.

432 4586 444 4618 ⁹
455 4584 622 4649 diurnaque,
634 4583 663 4633 P.

433 4663 444 4696 ³
455 4663 526 4724 tuuc,
537 4663 568 4714 P.

433 4743 443 4775 ⁴
455 4742 585 4804 admonuit,
595 4741 625 4790 P.
