3524 5802
540 1003 680 1054 uterum
703 999 887 1052 SPECULUM
909 997 1123 1051 STULTORUM.
1314 987 1355 1047 13

307 1175 394 1241 Pelle
417 1173 549 1239 leonina
571 1177 697 1239 tectum
720 1171 849 1239 detexit
872 1171 1008 1245 asellum

350 1272 493 1354 Festus,¹
515 1279 550 1341 et
572 1271 733 1341 exeedens
754 1275 860 1362 gloria
881 1293 970 1339 vana
992 1272 1135 1338 modum.

305 1378 343 1446 Si
366 1378 538 1445 moderata
559 1377 656 1459 foret,
679 1377 798 1444 saltem
820 1376 883 1456 sub
905 1375 1051 1463 imagine
1073 1374 1157 1440 falsa

349 1480 416 1548 Res
438 1479 596 1548 simulata
618 1479 677 1546 diu
699 1483 811 1567 posset
833 1478 956 1544 habere
977 1479 1095 1545 locum.

304 1580 371 1648 Sed
393 1581 492 1648 nimis
514 1581 693 1668 impatiens
714 1581 826 1669 gravis
847 1581 884 1645 in
905 1579 1058 1646 novitate
1078 1577 1253 1646 vetustas'

350 1683 539 1770 Praecipites
562 1683 665 1749 saltus
687 1681 724 1747 in
747 1704 808 1748 sua
830 1682 952 1747 damna
974 1681 1076 1747 dedit.

306 1785 396 1851 Dum
418 1785 519 1853 miser
540 1783 612 1872 ipse
634 1783 699 1850 sibi
722 1784 830 1850 factus
852 1781 940 1864 fuit?
963 1805 1006 1849 ex
1028 1783 1136 1848 alieno

352 1885 537 1953 Fortunam
560 1885 678 1952 didicit
701 1885 893 1952 dedidicisse
916 1907 1018 1952 suam.

307 1989 459 2056 Perdidit
481 1987 617 2066 invitus,
641 1988 726 2054 maie
750 2010 784 2055 se
807 1987 987 2053 simulante
1008 1987 1145 2065 leonem,

352 2090 450 2173 Quod
471 2091 557 2157 bene
579 2090 650 2157 sive
672 2089 758 2156 maie
780 2089 922 2156 credidit
945 2110 1015 2155 esse
1036 2089 1170 2154 bonum.

308 2192 346 2260 Si
368 2215 434 2280 que
455 2192 567 2258 minus
589 2192 732 2279 prudens
756 2191 841 2258 male
862 2190 1020 2279 perdidit,
1043 2213 1085 2256 ex
1108 2191 1216 2256 alieno

353 2293 514 2376 Perdidit,
537 2313 581 2360 ex
603 2293 734 2381 proprio
757 2291 806 2358 nil
828 2292 964 2380 periisse
987 2293 1100 2380 liquet.

310 2396 394 2478 Quae
416 2396 482 2462 fuit
504 2401 583 2462 ante
607 2396 671 2460 sibi
693 2395 786 2460 nullo
809 2395 976 2460 mediante
998 2395 1105 2481 figura

355 2495 542 2578 Permanet,
566 2517 610 2561 ex
630 2495 738 2560 nihilo
759 2495 906 2582 perdidit
928 2517 1005 2581 ergo
1026 2494 1117 2560 nihil.

313 2598 381 2680 Qui
403 2597 455 2663 leo
478 2619 546 2664 non
568 2595 682 2684 potnit
704 2596 786 2676 fieri,
808 2597 837 2662 si
858 2594 942 2661 fiat⁴
965 2595 1086 2661 asellus

359 2699 497 2778 Sufficit,
520 2698 657 2764 alterius
680 2697 808 2764 sarcina
829 2695 959 2784 pondus
982 2697 1089 2762 habet.

313 2801 452 2886 Quoque
473 2799 579 2887 magis
600 2799 707 2866 fertur
728 2799 833 2886 magis
855 2803 906 2864 est
928 2820 1064 2865 onerosa
1084 2797 1213 2878 ferenti,

248 2911 249 2916 ’
356 2901 519 2989 Respectu
541 2901 634 2966 vario
657 2899 802 2988 pondera
824 2899 1108 2989 pondushabent.

199 3095 202 3102 ⁴
311 3003 431 3070 Senius
453 3025 531 3092 erge
552 3001 638 3072 foret
660 3001 805 3068 alienum
826 3023 896 3068 non
916 3003 1072 3091 rapuisse,

357 3105 464 3186 Quam
487 3125 563 3171 eum
579 3105 736 3174 dedecore
758 3126 826 3171 non
849 3103 992 3173 retinere
1014 3127 1120 3173 suum.

325 3340 373 3410 De
396 3342 496 3410 01111
519 3341 602 3434 petit
623 3339 732 3408 votuit
753 3339 902 3408 0111111
923 3361 1025 3408 saum
1047 3341 1233 3429 temptarem
1247 3343 1354 3427 fleur
1404 3391 1406 3396 -

315 3498 462 3564 Auribus
485 3497 653 3564 immensis
676 3495 844 3584 quondam
867 3495 1010 3562 donatus
1032 3497 1150 3564 asellus

361 3599 494 3666 Institit
516 3604 556 3665 nt
578 3599 716 3666 caudam
739 3602 850 3686 posset
872 3597 994 3664 habere
1016 3621 1134 3686 parem.

317 3700 432 3768 Gauda
454 3722 513 3767 suo
535 3700 638 3788 capiti
661 3698 739 3788 quie
761 3720 796 3766 se
818 3698 965 3774 conferre
986 3701 1155 3788 nequibat,

358 3801 474 3869 Altius
496 3801 660 3891 ingemuit
683 3803 723 3868 de
745 3801 911 3869 brevitate
934 3824 994 3870 sua
1006 3828 1015 3884 ;

314 3905 393 3973 Non
415 3905 494 3992 quia
515 3905 614 3994 longa
636 3905 717 3970 satis
739 3926 807 3971 non
828 3911 913 3972 esset
935 3907 978 3971 ad
1001 3907 1193 3988 utilitatem,

359 4009 450 4074 Ante
472 4012 584 4074 tamen
607 4003 727 4093 quami
750 4005 797 4072 sie
818 4013 1000 4095 apocopata
1020 4009 1113 4088 foret,

316 4109 494 4177 Consuluit
516 4107 668 4190 medicos,
692 4108 772 4195 quia
793 4109 881 4195 quod
904 4115 1026 4176 natura
1049 4109 1234 4198 nequibat⁸

361 4212 455 4278 Artis
477 4210 520 4277 ab
542 4210 646 4277 officio
668 4204 762 4298 posse
784 4210 925 4298 putabat
947 4234 1009 4280 101.

352 4455 499 4518 1111113.
900 4457 984 4520 ‘fieri
1003 4456 1192 4524 1019101111,Ρ.
1228 4457 1367 4513 11111111

351 4537 496 4597 'emenia-s,
506 4535 536 4586 P.
866 4536 952 4590 rubrie
974 4537 1004 4597 is,
1027 4537 1122 4588 Corum
1142 4535 1307 4602 cupiditatem,
1326 4557 1367 4590 ex-

353 4613 618 4680 ’1101111111ῆῆ
867 4613 1094 4679 emptumdeaeine.

351 4697 464 4764 meae
662 4713 665 4720 ¹
900 4693 1035 4758 11111.

353 4779 363 4810 ⁵
374 4776 486 4844 qualiter,
498 4778 526 4827 P.
901 4771 1075 4836 mamaea.
1087 4775 1117 4828 P.
1134 4829 1136 4834 ,
