3512 5842
398 896 440 960 80
498 905 677 958 seruarent
701 906 805 956 roms
827 905 871 956 ΟΡ
894 907 964 956 THE
986 907 1151 956 TWELP'I'H
1174 907 1348 958 CENTUEY.

291 1104 292 1107 ¹
399 1089 416 1118 “
442 1083 585 1148 Praestat
607 1081 648 1146 de
671 1085 743 1146 toto
766 1085 893 1168 partem
916 1081 1058 1146 retinere
1082 1080 1135 1146 vel
1158 1102 1269 1159 unam,

443 1191 460 1221 “
484 1185 751 1269 Qualemounque
773 1182 895 1263 talem‚¹
921 1205 1020 1270 quam
1043 1183 1181 1249 reticere
1204 1181 1306 1248 mihi.¹

399 1295 416 1328 “
441 1287 553 1352 Plures
576 1308 642 1352 non
665 1291 813 1373 poteram
836 1284 946 1350 forsan
968 1285 1120 1365 retinere,
1142 1285 1200 1349 sed
1222 1307 1331 1364 uuam,

444 1396 461 1425 “
484 1388 640 1454 Pluribus
662 1387 790 1474 elapsis,
814 1386 897 1454 hune
920 1387 1070 1452 retinebo
1092 1387 1184 1453 bene.

342 1529 354 1549 ι
399 1498 417 1526 “
440 1491 578 1557 Artibus
601 1513 644 1556 ex
665 1494 790 1576 septeni
813 1490 841 1554 si
863 1489 993 1575 syllaba
1015 1489 1084 1555 sola
1107 1490 1258 1577 supersit,

443 1601 460 1628 “
484 1593 557 1658 Hoc
580 1594 661 1660 mihi
685 1614 750 1658 non
773 1591 857 1656 nihil
882 1597 941 1672 est,
965 1613 1025 1658 neo
1048 1613 1121 1657 reor
1142 1613 1211 1656 esse
1233 1613 1359 1678 parum.

399 1701 416 1729 “
439 1697 484 1760 Et
506 1697 585 1782 quia
606 1695 801 1760 multotiens
824 1716 931 1760 errare
953 1695 1091 1760 seientia
1113 1694 1236 1759 multos

444 1804 461 1832 “
486 1798 587 1877 Fecit,
611 1803 646 1863 et
668 1797 801 1861 inflatos
824 1797 982 1882 praestitit
1006 1817 1074 1862 esse
1097 1793 1236 1883 graves.³
1318 1812 1322 1820 ’

400 1905 417 1932 “
441 1900 553 1964 Litora
574 1921 616 1968 ne
638 1901 766 1986 lapsum
790 1899 963 1986 pariatque
985 1899 1124 1966 scientia
1145 1899 1313 1976 damnum,

445 2009 462 2035 “
486 2001 614 2066 Sufficit
637 2024 703 2066 una
725 2001 806 2066 mihi
829 2001 965 2086 syllaba,
989 2001 1066 2066 nolo
1090 2001 1202 2086 magis.

399 2109 417 2137 “
439 2104 552 2170 Taedia
574 2125 811 2189 nonnunquam
834 2124 991 2190 generosa
1013 2103 1149 2169 scientia
1171 2102 1289 2188 giguit,

444 2213 461 2240 “
486 2205 530 2270 Et
552 2206 679 2271 faciunt
701 2207 809 2292 apices
831 2206 977 2270 moribus
999 2227 1068 2270 esse
1090 2227 1214 2290 graves.

400 2315 416 2342 “
440 2309 567 2394 Saepius
590 2309 625 2374 in
648 2309 759 2395 paneis
781 2307 899 2374 melius
922 2306 1068 2373 natura¹
1090 2307 1269 2384 ministrat,

444 2417 461 2444 ‘⁴
485 2411 602 2476 Exerit
624 2417 661 2480 et,
681 2411 769 2476 vires
791 2411 909 2476 fortius
932 2411 1005 2496 ipso
1026 2431 1109 2475 suaa

399 2519 416 2546 “
440 2513 597 2580 Contenti
619 2513 732 2601 paucis
754 2513 883 2592 studiis,
907 2513 1072 2578 brevitate
1089 2513 1261 2598 juvantur,

444 2623 461 2650 “
484 2617 652 2704 Opprimit
674 2621 708 2680 et
731 2637 862 2682 sensum
886 2615 1072 2680 sollicitudo
1095 2615 1256 2698 frequens.

399 2723 416 2751 “
440 2717 528 2784 Scire
551 2719 683 2804 quidem
706 2717 822 2797 multa
846 2718 910 2782 nisi
933 2717 978 2782 sit
1000 2717 1083 2782 bene
1105 2717 1196 2794 sabe,
1220 2713 1346 2792 scienti,

443 2827 460 2855 “
485 2819 536 2885 Ut
558 2841 674 2885 verum
696 2820 810 2896 fatear,
833 2841 902 2884 non
925 2819 1028 2884 honor
1051 2823 1110 2897 est,
1133 2817 1190 2882 sed
1214 2837 1303 2881 onus.

399 2927 416 2954 ⁴¹
440 2921 606 2986 Pauoula¹
632 2922 673 2986 de
696 2922 809 2988 multis
832 2921 929 2986 multi
952 2943 1091 3008 rapuere
1114 2920 1262 2998 seientes

443 3031 460 3059 “
485 3022 531 3087 Ni
557 3023 731 3089 videantur
753 3023 789 3088 in
812 3023 864 3088 his
886 3023 1040 3089 omnibus
1063 3043 1131 3088 esse
1154 3021 1228 3086 suis

397 3131 417 3160 “
441 3125 501 3190 Est
523 3146 652 3211 quoque
675 3125 757 3191 seire
779 3125 880 3205 labor,
905 3131 939 3191 et
961 3123 1037 3191 est⁰
1059 3124 1160 3190 etiam
1182 3122 1344 3199 retinere;

444 3235 460 3262 “
485 3227 546 3292 Est
568 3227 720 3292 didicisse
743 3225 858 3307 labor,⁷
880 3231 931 3293 est
954 3227 1100 3292 doouisse
1122 3225 1223 3292 labor.

399 3335 416 3363 “
440 3329 576 3415 Quoque
598 3329 702 3415 magis
725 3349 866 3408 moveor,
892 3326 992 3414 quia⁸
1014 3328 1107 3393 nulla
1128 3327 1266 3392 seientia
1288 3328 1427 3390 mortem

443 3437 460 3465 “
485 3431 640 3511 Qualibet
662 3436 734 3495 arte
758 3453 817 3495 sua
839 3430 1028 3496 dedocuisse
1051 3433 1167 3516 potest.

397 3539 415 3567 “
438 3532 558 3597 Nonne
582 3533 681 3598 timor
703 3532 822 3598 mortis
845 3537 917 3597 toto
941 3531 1132 3597 dominatur
1155 3531 1191 3595 in
1213 3530 1315 3594 orbel

441 3641 458 3669 “
481 3634 643 3699 Omnibus
666 3640 700 3699 et
722 3633 799 3699 solis
821 3634 911 3698 istud
935 3633 1039 3698 inesse
1063 3631 1153 3697 solet.

398 3743 415 3770 “
440 3735 560 3800 Omnia
581 3735 672 3800 lanae
695 3737 773 3822 pari,
798 3736 997 3824 paribusque
1022 3740 1055 3799 et
1079 3731 1255 3812 omnibus,9
1277 3753 1343 3796 uno

441 3844 459 3872 “
483 3837 629 3903 Pondere
653 3838 824 3903 distribuit
847 3838 931 3902 dura
953 3837 1010 3902 sed
1033 3857 1129 3922 aequa
1150 3835 1256 3900 nimis.

399 3944 416 3973 “
440 3938 537 4005 Hono
559 3961 618 4026 ego
642 3962 710 4004 non
733 3961 866 4028 possum
889 3939 954 4004 nisi
978 3938 1197 4025 praetimuisse
1206 3935 1232 3974 ¹⁰
1255 3936 1413 4014 futuram,

443 4048 460 4076 “
484 4042 535 4106 Ex
558 4043 736 4130 improviso
759 4063 802 4106 ne
824 4041 907 4106 mihi
931 4041 1028 4120 dieat,
1045 4037 1176 4104 Abi.”¹¹

396 4219 668 4228 -ι--ι--ω-,μ-...ο-..Ἀ
676 4220 709 4225 -.
720 4220 739 4224 -
748 4218 772 4225 ·-
784 4219 805 4224 ...
816 4219 862 4224 ..-..
870 4220 898 4224 .-.
904 4215 1153 4225 —.-—-·--—-—-·—

430 4325 438 4358 ¹
450 4333 527 4377 lamen
537 4341 617 4390 quon,
629 4326 661 4376 B.
673 4325 723 4376 and
734 4325 764 4376 P.
977 4323 988 4361 ⁷
1000 4321 1050 4373 Est
1060 4337 1154 4387 quoqne
1165 4321 1228 4372 scire
1239 4319 1315 4380 lutor,
1327 4320 1358 4372 B.
1373 4321 1402 4370 P.

429 4406 440 4439 ¹
454 4407 555 4456 retinere
566 4403 635 4466 nibil,
647 4405 677 4456 B.
979 4401 1071 4467 Quod
1084 4403 1115 4454 P.

428 4483 501 4534 *εισι
511 4485 596 4550 nafis,
607 4481 638 4532 B.
976 4480 1108 4546 ⁹paru'nr
1119 4487 1143 4530 et
1153 4477 1269 4540 omnibns,
1287 4479 1318 4529 B.
1349 4477 1446 4544 perite!

429 4563 440 4595 ⁴
451 4565 477 4613 in
486 4564 576 4628 pruris
587 4561 659 4612 rebus
669 4567 768 4620 nabau,
781 4561 810 4609 P.
943 4567 968 4610 ei
977 4577 1008 4618 o..
1020 4559 1049 4610 0.

429 4640 610 4702 ¹Paululu‚B.
976 4637 996 4670 ¹⁰
1004 4653 1103 4703 poemia
1114 4653 1169 4698 aaa,
1177 4636 1208 4686 B.
1228 4651 1321 4702 possem
1329 4651 1448 4700 aonproe·

430 4719 501 4769 ‘Est
517 4717 629 4770 didicisse
645 4717 720 4780 lator,
732 4716 800 4768 lator
811 4725 853 4779 est,
866 4717 895 4767 R
942 4717 1057 4776 einaim,
1068 4717 1099 4766 P.

397 4798 427 4853 P.
978 4795 995 4828 ¹¹
1012 4793 1070 4859 Oti,
1082 4795 1112 4846 P.
