3512 5842
546 895 688 947 menum
711 895 895 946 sencunuu
917 895 1131 946 suumonuu.
1321 881 1364 950 67

316 1075 333 1104 “
358 1069 426 1136 Gur
448 1093 522 1136 mes
544 1091 596 1136 me
618 1073 725 1136 muter
747 1069 947 1137 maledieto¹
969 1071 1059 1136 fudit
1081 1071 1124 1136 ab
1147 1061 1246 1137 silvo?

360 1179 378 1208 “
402 1174 469 1240 Our
490 1173 600 1262 gladio
618 1173 775 1260 jugulum
798 1194 866 1238 non
888 1174 981 1240 dedit
1003 1174 1076 1260 ipsa
1098 1178 1231 1240 meum?

315 1282 332 1308 “
356 1275 472 1340 Tristis
494 1275 685 1341 abortivum
708 1277 736 1355 si
761 1298 813 1342 me
836 1277 1025 1363 peperisset,
1049 1277 1086 1342 in
1109 1298 1218 1342 aevum

359 1385 376 1414 “
400 1379 507 1460 Quum
529 1381 701 1445 fortunata
723 1401 887 1467 quamque
909 1382 1006 1447 beuta
1029 1381 1132 1446 foret!

314 1487 331 1514 “
355 1481 423 1546 Cur
445 1483 541 1568 lupus
564 1483 710 1548 esuriens
733 1488 843 1570 partes
865 1505 933 1548 non
956 1483 1110 1548 venitin
1133 1484 1214 1564 illas,

359 1589 376 1618 “
400 1583 542 1650 Tolleret
564 1587 621 1650 et²
643 1590 776 1672 partum
800 1587 881 1650 dum
904 1590 999 1651 tener
1020 1592 1106 1651 esset
1129 1586 1261 1651 adhuc?

315 1692 332 1720 “
357 1685 425 1751 Gur
447 1708 519 1752 mes
542 1709 594 1752 me
617 1693 723 1753 muter
745 1689 861 1774 primis
883 1689 1021 1754 devovit
1043 1689 1080 1752 in
1102 1691 1207 1769 annis,

360 1793 378 1821 “
401 1788 512 1874 Atque
534 1789 649 1854 venire
671 1787 802 1855 uitum⁸
824 1811 909 1876 saepe
931 1792 1063 1877 rogavit
1087 1795 1187 1855 eumt

314 1894 331 1921 “
356 1889 445 1955 Huic
467 1889 550 1977 ego*
571 1913 631 1978 pro
654 1897 742 1958 certo
764 1914 829 1957 non
855 1892 962 1958 solum
985 1895 1098 1978 praeds
1121 1893 1277 1973 futu1us‚⁵

360 1999 378 2026 “
402 1992 485 2059 Esca
506 1995 564 2059 sed
586 2000 621 2059 et
643 1995 765 2082 rapidis
788 2016 932 2080 auguror
954 2016 1024 2060 esse
1047 1997 1141 2082 lupis.

315 2103 332 2129 “
356 2095 445 2161 Nam
468 2096 552 2161 celer
574 2102 720 2175 eventus,
745 2097 845 2162 sifus
868 2103 917 2162 est
941 2097 1070 2163 eredere
1093 2099 1198 2178 samse,

361 2205 378 2234 “
405 2198 565 2264 Maternis
588 2199 738 2287 precibus
761 2221 889 2287 semper
911 2199 1024 2266 adesse
1046 2201 1138 2266 solet

658 2439 844 2509 Somnium
859 2441 1028 2508 Burnelli.

318 2603 336 2630 “
361 2597 501 2684 Quoque
511 2586 628 2685 'magis
652 2621 795 2679 moveor,
819 2623 871 2666 me
894 2605 984 2666 certa
1006 2599 1150 2686 pericula
1172 2602 1309 2678 terrent,

320 2709 323 2715 '
363 2707 381 2734 “
404 2700 578 2766 Praeterita
601 2707 697 2770 nocte
720 2703 848 2768 somnis
870 2703 942 2768 viss
964 2703 1056 2769 mihi.

318 2811 334 2836 “
359 2801 446 2868 Nam
471 2807 566 2889 puter
588 2807 622 2868 et
645 2809 751 2870 mater
774 2805 918 2870 Domino
942 2827 1001 2891 pro
1024 2826 1076 2870 me
1099 2826 1192 2890 prece
1215 2805 1289 2868 fusu

362 2911 379 2939 “
402 2905 561 2986 Orabsnt,
585 2910 620 2970 et
641 2906 678 2970 in
701 2907 771 2972 haee
795 2907 896 2972 verba
919 2907 1009 2972 fuere
1032 2927 1149 2994 preces.

317 3014 333 3039 “
358 3007 472 3086 ‘Est0‚
496 3008 594 3088 Deus,
618 3009 713 3074 nobis
737 3007 903 3092 elemsns‚⁶
925 3015 960 3075 et
982 3009 1025 3074 ab
1049 3031 1104 3074 ore
1127 3009 1279 3094 luporum

362 3117 378 3144 “
403 3109 527 3197 ‘Eripe
550 3112 752 3191 Burnellum,
775 3113 892 3199 seuque
915 3114 1021 3178 redire
1045 3113 1190 3177 domum.

317 3219 334 3245 “
360 3213 490 3278 ‘Sanus
513 3219 547 3278 et
569 3215 743 3279 incolumis
765 3217 889 3301 patrias
912 3217 1103 3302 peregrinus
1126 3214 1167 3278 ad
1191 3235 1264 3278 orus

307 3347 313 3359 ·
363 3319 379 3348 “
404 3315 601 3380 ‘Burnellus
622 3317 745 3397 redeat,
767 3317 852 3381 liber
875 3317 917 3382 ab
940 3338 994 3381 ore
1016 3317 1096 3402 lupi.

319 3423 335 3450 “
361 3416 463 3481 ‘Non
485 3417 544 3494 leo,
567 3415 657 3482 n0n⁷
679 3419 808 3506 pardus,
831 3441 892 3484 nee
914 3423 1006 3506 peste
1029 3418 1200 3484 nocentior
1223 3417 1313 3481 omni

365 3525 382 3552 “
407 3519 588 3584 ‘Rusticus
611 3520 751 3586 obsistat
773 3521 829 3586 vel
853 3521 1043 3586 dominetur
1065 3521 1104 3587 ei.

319 3627 336 3653 “
361 3620 543 3686 ‘Transeat
565 3621 721 3687 immunis
744 3645 803 3710 per
824 3623 966 3708 compita
988 3643 1126 3708 quaeque
1150 3622 1284 3700 viarum,

363 3729 380 3756 “
405 3723 561 3789 ‘Olfactu
583 3730 692 3790 eareat
715 3725 820 3790 bestia
842 3745 981 3811 quaeque
996 3745 1073 3791 suo,

320 3830 336 3858 “
362 3825 440 3892 ‘Sit
462 3825 551 3890 canis
574 3825 723 3913 elinguis,
747 3827 857 3893 catulo
879 3847 946 3892 non
970 3825 1106 3914 purent⁸
1130 3819 1219 3891 auris
1233 3823 1257 3906 ;'

364 3933 381 3962 “
407 3927 569 3994 ‘Currere
591 3949 633 3994 ne
655 3930 760 4016 possit
783 3930 827 3995 sit
849 3929 938 3994 muln
960 3934 1060 4016 gutta
1082 3929 1167 4014 lupe.

318 4035 336 4065 ‘¹
359 4029 489 4110 ‘Quem
512 4031 591 4117 quin
612 4030 695 4096 nos⁹
717 4031 791 4097 aliis
813 4031 887 4118 plus
909 4031 1130 4114 formidamus,
1154 4031 1197 4095 ab
1220 4031 1291 4116 ipso

363 4139 379 4166 “
404 4133 566 4218 ‘Protege
589 4135 792 4214 Burnellum,
814 4137 930 4222 facque
953 4135 1057 4200 redire
1081 4134 1232 4199 domum'

322 4241 338 4268 “
366 4235 463 4300 Unde
475 4233 499 4274 ¹⁰
520 4255 580 4322 per
601 4237 819 4324 antiphrasim
842 4239 921 4326 quin
942 4239 1070 4303 somnis
1092 4258 1179 4322 saepe
1201 4235 1320 4301 resolvi

367 4342 385 4370 ‘⁴
409 4337 624 4420 Consuevere,
648 4340 755 4428 magis
778 4361 870 4406 mens
893 4361 966 4404 meu
989 4341 1062 4405 visu
1084 4339 1190 4404 timet.

334 4491 408 4497 —--
571 4492 648 4499 .-..
660 4493 779 4500 ...-—..

355 4569 362 4600 ¹
374 4567 510 4628 maledictu,
523 4573 551 4620 P.
907 4571 1028 4622 ⁶clemens
1039 4569 1116 4632 nubis,
1129 4572 1158 4622 P.

352 4649 363 4680 ²
380 4647 485 4699 Tolleret
495 4657 530 4712 nt,
544 4651 573 4702 P.
907 4652 981 4712 inec,
994 4653 1023 4702 P.

355 4727 365 4760 ³
378 4743 469 4788 casum,
481 4729 510 4778 P.
907 4729 1029 4791 ΒεαΗεαῑ,
1042 4732 1072 4780 Β.
1104 4737 1200 4795 puteat,
1214 4731 1242 4780 P.

358 4807 368 4838 ⁴
379 4806 449 4856 Hine
462 4823 511 4873 epo,
524 4810 553 4858 P.
908 4811 919 4841 ⁹
931 4827 977 4859 non
988 4809 1053 4871 aliis,
1065 4811 1097 4860 A.

356 4886 365 4916 ⁵
374 4886 484 4950 suturis,
497 4887 526 4936 P.
911 4889 929 4920 ¹⁰
949 4888 1007 4940 Visa
1017 4905 1070 4953 per,
1081 4890 1109 4940 P.

1179 4973 1199 5018 Ε
1224 4958 1243 5018 2
