3512 5842
412 855 455 920 96
516 865 695 918 summme
719 867 822 918 roms
845 867 889 917 or
911 867 981 918 run
1003 868 1169 918 rvnnrrn
1187 869 1361 920 cnsrunr.

413 1046 430 1074 “
455 1039 636 1106 Ocnonicos
658 1041 770 1128 nigros
792 1061 904 1106 cernes
926 1039 1126 1106 comedendo
1148 1039 1344 1127 sequemur,l

458 1150 475 1179 ‘⁴
499 1141 552 1208 Ne
576 1143 656 1229 quid
678 1142 721 1208 eb
743 1143 909 1230 hypocrisi
931 1143 1106 1208 contrahat
1128 1143 1208 1208 ordo
1231 1165 1330 1210 meus

414 1251 432 1279 “
457 1245 787 1312 Praemonstratenses
809 1251 924 1312 statuo
947 1247 988 1312 de
1007 1245 1084 1332 jure
1107 1246 1289 1332 sequendos

459 1355 478 1382 “
502 1347 545 1412 In
567 1347 659 1412 molli
682 1349 796 1414 tunica
819 1343 1059 1435 multiplicique
1082 1353 1168 1435 toga.

414 1456 433 1486 “
456 1449 580 1516 Ordine
602 1451 643 1515 de
665 1451 791 1536 reliquo
813 1450 928 1536 placet,
951 1455 991 1515 ut
1014 1472 1152 1537 persons
1173 1451 1316 1516 secunde

459 1560 476 1588 “
501 1551 639 1618 Foedere
661 1558 819 1639 perpetuo
841 1553 886 1618 sit
909 1553 991 1618 mihi
1009 1553 1130 1638 juncta
1152 1574 1264 1618 eomes

415 1663 432 1690 “
458 1655 524 1720 Hic
545 1655 612 1720 luit
633 1655 712 1720 ordo
735 1655 833 1740 prior,
857 1660 892 1719 et
914 1655 1066 1720 conditus
1090 1655 1126 1720 in
1149 1654 1333 1734 Pamdis03

460 1765 478 1794 “
502 1757 603 1822 Hune
626 1757 718 1824 Dens
740 1756 898 1834 instituit,
922 1761 957 1821 et
979 1757 1150 1822 benedixit
1173 1758 1212 1824 ei.

414 1868 431 1896 “
457 1860 557 1925 Hunc
580 1861 832 1947 inperpetuum
856 1859 1061 1924 decrevimus
1085 1881 1152 1926 esse
1176 1860 1363 1937 tenendum,

460 1969 478 1996 ‘⁶
502 1961 607 2046 Cujus
629 1966 702 2025 emt
723 1961 855 2048 genitor
876 1982 951 2025 curn
973 1962 1138 2048 genetrice
1160 1983 1238 2027 meo

415 2071 434 2097 “
458 2062 503 2128 Et
524 2085 629 2149 genus
652 2085 748 2127 omne
771 2085 879 2127 meum
903 2085 1030 2149 semper
1051 2063 1118 2128 fuit
1141 2063 1266 2128 ordinis
1289 2063 1397 2150 hujus,

461 2173 479 2199 ‘¹
503 2165 576 2245 Quo
597 2187 701 2252 genus
723 2165 904 2229 humanum
928 2165 1100 2230 deficiente
1123 2166 1225 2230 cadet.

416 2276 433 2303 “
447 2268 581 2335 'Ordine
604 2268 644 2333 de
667 2290 758 2334 sucro
780 2272 981 2333 secretorum
1004 2267 1177 2333 mulierum

458 2377 478 2406 “
501 2371 678 2458 Accipiam,
701 2393 818 2436 zonam
841 2393 968 2458 semper
989 2371 1100 2436 abesse
1122 2373 1251 2438 meum.⁹

371 2534 375 2543 ,
417 2479 435 2506 “
460 2471 602 2560 Cingula
623 2472 693 2537 lata
716 2473 800 2537 mihi
823 2495 890 2538 non
913 2477 993 2538 sunt
1015 2470 1125 2553 bono,8
1147 2473 1204 2537 sed
1228 2493 1334 2558 neque
1356 2473 1466 2537 ventri

461 2581 478 2609 ‘⁴
503 2574 715 2641 Conveniunt
736 2596 847 2662 grosso
870 2575 1002 2661 cingula
1024 2576 1141 2641 stricto
1163 2597 1245 2640 meo.

417 2684 434 2711 “
458 2678 519 2742 Est
541 2683 575 2742 et
597 2677 706 2742 adhuc
729 2676 820 2742 aliud
843 2677 879 2741 in
901 2677 974 2742 eis⁴
996 2677 1084 2763 quod
1107 2676 1144 2742 in
1167 2677 1284 2742 ordine
1307 2685 1421 2742 nostro

336 2767 342 2776 ⁸
461 2786 479 2812 “
502 2779 636 2865 Apponi
659 2779 819 2856 volumus,
844 2801 918 2844 eum
941 2779 1031 2846 locus
1054 2785 1153 2867 aptus
1176 2781 1249 2845 erit.

416 2889 434 2916 “
458 2882 548 2962 Quid
571 2881 611 2946 de
634 2879 866 2968 Simplingsm,
889 2887 1064 2968 quantum,
1087 2883 1139 2948 vel
1163 2883 1277 2968 qualis
1299 2903 1435 2959 sumam,

460 2989 478 3018 “
501 2983 629 3062 Nescio,
652 3007 728 3049 nom
752 3006 840 3050 nova
862 3007 912 3050 res
935 3007 988 3051 me
1011 2985 1166 3051 dubitare
1188 2985 1275 3052 facit.

415 3094 434 3122 ‘⁴
458 3087 532 3152 Hoc
555 3092 667 3152 tomen
690 3087 733 3152 sd
755 3109 899 3173 praesens
923 3088 1015 3152 nulls
1037 3087 1167 3153 ratione
1189 3087 1367 3168 remittam,

461 3197 478 3225 “
502 3190 653 3278 Namque
676 3189 830 3256 necesse⁵
852 3190 952 3255 nimis
974 3189 1132 3255 fratribus
1156 3211 1224 3255 esse
1247 3211 1328 3270 reor,

415 3299 434 3328 “
458 3293 555 3374 Quod
577 3315 748 3380 nunquam
772 3292 835 3358 nisi
858 3293 941 3384 clam
965 3290 1146 3378 nullaque⁰
1168 3293 1290 3358 sciente
1312 3313 1456 3357 sororum

460 3403 478 3431 “
501 3396 586 3462 Cum
609 3417 801 3483 quocunque
824 3417 883 3460 suo
906 3393 1008 3460 fratre
1030 3416 1162 3460 monere
1186 3395 1272 3460 lieet

418 3506 435 3534 “
458 3498 547 3565 Sunt
569 3499 671 3563 etium
694 3496 845 3584 quaedem
869 3519 944 3583 quse
967 3497 994 3561 si
1019 3517 1086 3561 non
1109 3495 1219 3561 nunc⁷
1243 3497 1430 3562 meminisse

460 3607 478 3635 ‘⁶
502 3601 678 3665 Possumus
701 3601 743 3664 ad
766 3621 917 3686 praesens,
940 3603 1054 3686 posteo
1076 3603 1207 3685 tempus
1230 3601 1301 3664 erit.

415 3709 433 3738 “
459 3703 547 3788 Ergo
570 3702 620 3766 nil
644 3699 771 3767 iestct⁸
794 3703 860 3766 nisi
883 3702 1089 3766 confirmatio
1113 3701 1182 3766 solu

458 3811 475 3840 “
500 3804 669 3870 Pontificis
704 3805 833 3884 summi,
857 3825 956 3891 quam
979 3804 1074 3870 dabit
1096 3805 1166 3890 ipse
1189 3803 1302 3869 libens.

413 3913 432 3940 “
456 3905 544 3975 Nam
567 3906 625 3992 qui
650 3905 745 3990 juste
768 3912 897 3992 petunt,
920 3906 1013 3971 nullo
1035 3905 1165 3971 ratione
1188 3905 1351 3992 repulsam

460 4014 477 4043 “
501 4008 532 4070 A
554 4006 689 4072 domino
717 4027 803 4094 pope
825 4007 1018 4073 sustinuisse
1041 4007 1155 4075 solent.

415 4114 433 4144 “
457 4109 543 4174 Illuc
565 4129 642 4195 ergo
665 4109 759 4173 decet
781 4109 888 4194 primo
911 4109 1085 4190 divertere,
1110 4131 1229 4196 papam

458 4217 476 4248 ‘⁶
502 4211 547 4278 Et
568 4211 687 4276 frutres
708 4209 827 4275 humili
850 4211 1028 4278 sollicitere
1051 4211 1174 4300 preee.''

447 4467 455 4500 ¹
467 4481 599 4530 sequemur,
610 4465 641 4515 B.
998 4463 1008 4496 ⁶
1020 4479 1105 4526 necem,
1118 4465 1148 4514 P.

447 4544 529 4594 ²zonu
546 4582 552 4595 .
571 4581 577 4594 .
596 4580 603 4593 .
621 4581 627 4594 .
644 4559 704 4602 meo,
716 4542 747 4596 B.
998 4542 1136 4606 ‘nulloque
1148 4541 1178 4592 B.

447 4619 521 4670 ³lata
533 4619 594 4670 tona
607 4636 652 4670 non
664 4628 720 4671 suut
731 4619 796 4680 miti,
808 4621 837 4672 P.
997 4620 1042 4670 lsi
1053 4637 1099 4671 nou
1111 4620 1158 4682 liic,
1170 4621 1200 4670 B.
1235 4637 1299 4670 nunc
1310 4637 1367 4682 uon,
1378 4621 1407 4670 P.

447 4697 458 4730 ⁴
469 4700 495 4748 in
506 4696 551 4760 tis,
564 4699 591 4748 Ρ.
997 4700 1008 4732 ⁸
1019 4699 1090 4766 Erpa
1100 4698 1162 4750 nihil
1172 4706 1257 4762 restat,
1268 4701 1298 4750 B.
