3512 5842
409 879 452 948 76
514 893 694 944 ssrmmru
717 893 821 944 roms
843 893 887 942 or
909 891 978 942 rme
1000 891 1164 944 rurus-rs
1187 893 1357 948 currum.

410 1075 427 1102 “
451 1067 498 1134 ‘J
501 1091 558 1135 ure
580 1073 658 1134 tuus
681 1067 779 1134 deber
801 1088 915 1133 servus
938 1065 1163 1134 oeriissirnus¹
1187 1091 1265 1151 esse,

456 1177 473 1204 ‘⁴
498 1170 628 1250 ‘Quem
652 1176 690 1235 tu
713 1170 850 1235 salvasti
873 1191 1007 1248 oeroere,
1030 1169 1117 1250 fune,
1141 1193 1243 1238 eruce.
1335 1195 1338 1200 ’

411 1279 429 1306 “
453 1272 651 1358 ‘Quemque
674 1272 742 1337 luis
765 1271 909 1338 humeris
932 1272 1090 1358 dignatus
1112 1294 1146 1338 es
1168 1273 1237 1360 ipse
1260 1275 1416 1361 magister

456 1381 473 1408 ‘⁸
500 1375 569 1439 ‘Ee
592 1374 744 1440 dominus
767 1375 860 1453 serre,
883 1395 951 1439 non
974 1375 1038 1439 eril·
1060 1374 1115 1439 ille
1138 1380 1237 1441 luusl

412 1484 429 1512 “
454 1476 577 1543 ‘Absit
599 1481 638 1542 ut
661 1475 716 1541 ille
740 1481 819 1541 tuus
841 1497 908 1541 non
932 1477 985 1554 sii,
1009 1477 1068 1562 qui
1090 1499 1150 1542 nee
1172 1499 1251 1543 suus
1273 1499 1341 1544 esse

456 1587 473 1613 “
498 1579 635 1644 ‘Posset
657 1578 693 1642 in
716 1584 887 1658 aeiernum,
912 1577 940 1642 si
963 1578 1028 1642 tibi
1050 1578 1135 1644 velle
1158 1579 1250 1645 sorel.

411 1689 428 1716 “
453 1681 523 1748 ‘Et
546 1682 575 1747 si
596 1682 669 1747 viu
691 1701 797 1746 eomes
818 1680 927 1759 suerii,
951 1701 1011 1745 nos
1033 1681 1252 1746 retribuemus

456 1793 473 1820 ‘⁴
499 1784 596 1849 ‘Hae
618 1784 682 1848 tibi
704 1783 902 1870 condignam
926 1803 985 1868 pro
1008 1783 1079 1848 vioe
1097 1783 1173 1869 jure
1195 1785 1308 1850 vicem.

410 1898 428 1924 “
453 1889 585 1970 ‘Quum
607 1889 691 1954 bene
713 1887 888 1954 reddemus
912 1887 1001 1952 tenti
1024 1887 1196 1954 benefacis
1217 1889 1347 1971 laboris,

456 1999 473 2026 “
498 1989 559 2056 ‘Si
582 1989 734 2056 dominus
757 1989 887 2060 dederit
908 2011 1002 2077 posse
1025 1989 1145 2056 referre
1166 1989 1296 2058 vicem.2

411 2099 429 2129 “
454 2094 608 2178 ‘Debque
631 2092 720 2158 Deus
743 2091 837 2156 nobis
862 2097 1056 2179 tempusque
1079 2094 1260 2180 locumque,
1285 2115 1345 2160 neo
1366 2099 1445 2162 onie

456 2202 473 2229 “
498 2194 631 2276 ‘Quam
653 2193 718 2259 tibi
741 2193 922 2273 reddamus,
946 2194 1003 2259 dei
1025 2195 1193 2280 poluisse³
1217 2195 1317 2262 mori’

410 2305 429 2332 “
454 2297 526 2363 Iste
545 2297 627 2362 setis
649 2295 795 2375 memini,
820 2295 976 2382 quoniam
1001 2296 1123 2377 dixere,
1148 2303 1282 2363 menies

456 2407 474 2434 ‘⁴
498 2399 624 2487 Saepius
647 2399 835 2478 inionem,
860 2398 955 2464 ‘Tres
978 2420 1091 2465 sumus
1114 2420 1185 2466 ecoe
1207 2401 1259 2466 tui
1275 2401 1304 2466 l’

408 2511 426 2539 ⁸⁸
450 2503 545 2568 Neve
567 2503 660 2567 nefas
683 2501 773 2588 petri
797 2499 984 2588 populoque
1008 2506 1139 2588 peieret
1161 2507 1196 2567 ei
1218 2503 1303 2580 urbi,

456 2612 474 2639 “
499 2605 562 2670 His
585 2605 634 2668 ile
657 2603 801 2689 dilapsis,
826 2624 903 2667 mox
927 2623 988 2689 ego
1013 2603 1121 2669 vinela
1144 2603 1214 2668 tuli.

411 2715 430 2744 ‘¹
453 2707 498 2772 Ee
520 2727 594 2772 mee
616 2705 721 2792 culpe,
748 2705 856 2784 miser,
880 2727 940 2770 neo
962 2727 1029 2771 non
1052 2705 1148 2772 mee⁴
1170 2706 1318 2771 maxime
1339 2708 1443 2796 culpe,

457 2817 473 2846 “
496 2809 645 2886 Coelitus,
669 2808 802 2888 asserui,
826 2807 958 2894 singulo
980 2813 1080 2894 rupte
1101 2808 1179 2874 fore.

412 2919 429 2946 ‘¹
454 2911 615 2997 Quodque
639 2909 699 2974 Dei
725 2915 861 2975 sanetus
884 2909 1019 2976 veniens
1043 2910 1241 2991 Leones-dus,
1265 2934 1375 2978 eorum

457 3020 475 3048 “
498 3012 641 3077 Vincula
657 3011 823 3092 solvisset,
848 3012 1000 3102 quodque
1023 3012 1152 3078 tulisset
1176 3035 1221 3079 ee

412 3125 430 3152 “
455 3116 543 3181 Hine
565 3135 643 3202 ergo
666 3135 744 3178 nem
767 3113 905 3194 vereor,⁵
929 3135 970 3180 ne
993 3113 1089 3201 vulgi
1113 3116 1215 3181 verbs
1237 3117 1417 3182 seeundum

456 3226 474 3254 ‘⁶
498 3217 701 3306 Praeposilus
723 3217 840 3283 reddoi
862 3217 950 3283 fecie
973 3217 1083 3305 priore
1106 3219 1197 3284 mihi.

411 3329 430 3357 “
453 3321 579 3407 Proque
602 3319 698 3386 bonis
720 3325 852 3406 satagui
874 3321 962 3385 mele
984 3320 1127 3402 reddere,
1151 3343 1268 3406 meque
1291 3322 1411 3409 prioris

456 3424 549 3489 “Ob
573 3444 704 3488 oausam
728 3421 848 3502 meriti,
872 3423 958 3488 nolit
981 3423 1100 3489 hebere
1123 3421 1258 3509 parem.⁶

411 3535 428 3561 “
452 3525 531 3592 Non
553 3525 759 3612 desperarem
782 3545 880 3612 super
901 3523 961 3602 his,
986 3545 1046 3591 neo
1063 3524 1139 3610 jure
1162 3525 1325 3604 timerem,

455 3635 472 3662 “
496 3627 653 3694 Conscius
675 3626 811 3691 odmissi
835 3625 982 3691 oriminis
1005 3627 1075 3714 ipse
1097 3625 1172 3694 sui⁷

411 3739 429 3766 “
454 3730 560 3796 Insita
583 3729 611 3794 si
634 3729 752 3793 misero
774 3729 924 3816 generosi
948 3729 1118 3815 sanguinis
1140 3729 1189 3793 illi

456 3839 474 3866 “
498 3831 638 3898 Nelurus
661 3830 773 3895 sludio
795 3830 888 3896 stille
909 3831 962 3897 vel
986 3853 1053 3897 une
1075 3833 1169 3898 foret.

412 3941 431 3969 “
454 3934 543 3999 Nam
566 3933 650 3998 solet
673 3933 734 3999 hoe
756 3934 925 4021 proprium
948 3936 1098 4022 generosi
1120 3935 1290 4022 sanguinis
1313 3957 1390 4016 esse,

455 4044 474 4072 “
499 4037 707 4123 Oondignsm
731 4037 859 4102 meritis
881 4039 1018 4103 reddere
1042 4038 1127 4104 vello
1150 4039 1263 4104 vioem.

411 4148 428 4175 “
453 4138 579 4207 Contra
601 4144 756 4205 naturam
779 4139 845 4204 niti
867 4161 1037 4226 moresque
1060 4141 1200 4218 caninos

456 4251 473 4278 ‘⁴
498 4243 605 4322 Quom
628 4243 673 4309 sii
696 4241 825 4308 diffieile
849 4242 955 4308 dicere
977 4265 1074 4308 nemo
1096 4248 1212 4330 poiesi

763 4393 782 4398 .-
797 4391 915 4398 --·--—.-
925 4392 969 4398 ..a-1.
984 4392 1023 4398 ⁴...
1034 4393 1037 4398 r
1047 4393 1067 4399 ›—
1143 4393 1223 4399 ..-..-
1241 4393 1259 4398 .-

443 4470 530 4522 ¹debrt
542 4478 597 4520 tuus
608 4471 676 4518 imnm
688 4469 817 4530 tutissimus,
828 4467 858 4516 Β.
931 4471 934 4559 ¹
991 4467 1088 4518 ‘Hine
1111 4469 1186 4534 iqilur
1208 4483 1298 4528 uereor,
1318 4469 1348 4518 B.
1389 4465 1458 4516 Hiuc

441 4550 452 4582 ²
469 4551 552 4601 These
568 4557 618 4600 two
639 4548 711 4608 lines,
730 4553 775 4597 not
794 4548 820 4596 in
833 4547 866 4596 A.
880 4561 909 4596 οι·
958 4565 1013 4613 erpo
1025 4565 1118 4611 vereor,
1131 4550 1159 4599 P.

410 4629 447 4688 1‘.‚
458 4645 500 4679 ere
511 4627 585 4693 giren
596 4628 662 4678 from
674 4629 704 4677 Β.
990 4627 1001 4659 ⁵
1011 4636 1117 4692 putrem,
1129 4628 1159 4678 B.

441 4706 599 4767 lreddumur,
611 4707 759 4770 reposuisse,
771 4706 799 4757 P.
930 4717 935 4840 q
989 4705 999 4742 ⁷
1003 4707 1059 4770 sui,
1071 4708 1100 4756 P.

442 4786 453 4818 ⁴
463 4786 537 4850 culpa
548 4786 618 4835 miser
629 4792 651 4835 rt
663 4801 723 4848 mea,
735 4785 766 4835 B.
