3512 5842
556 901 697 951 meeum
721 901 902 952 SPECULUM
925 901 1140 953 suumoauu.
1330 893 1369 955 61

324 1075 342 1104 “
365 1071 455 1158 Ergo
477 1073 611 1138 domum
633 1094 771 1160 propere
792 1073 909 1154 tristis,
933 1072 1162 1159 multumque¹
1188 1075 1312 1160 pudore

367 1180 385 1208 ‘⁶
408 1175 580 1256 Confusus,
603 1173 727 1256 rediit,2
749 1174 895 1261 flensque
916 1197 1114 1262 gemensque
1137 1177 1227 1240 satie.

324 1279 341 1308 “
365 1274 455 1340 Hine
476 1281 579 1362 pater,
602 1277 681 1342 inde
703 1298 831 1363 patene,
855 1298 930 1340 eum
951 1281 1026 1342 tota
1047 1276 1139 1362 prole
1163 1280 1348 1364 parentum,

367 1383 385 1410 “
409 1377 615 1443 Gundulfum
638 1378 801 1465 plangunt
823 1361 970 1464 pectore,⁸
986 1400 1072 1456 voce,
1096 1399 1206 1444 mauu.

323 1483 341 1514 “
365 1477 502 1544 Confusi
524 1481 665 1546 redeunt
688 1481 747 1566 qui
769 1500 950 1545 convenere
973 1485 1133 1564 parentes,

368 1585 386 1615 “
408 1580 450 1646 Iu
472 1582 624 1648 lacrimae
647 1582 772 1648 etenim
793 1581 917 1668 gaudia
939 1602 1035 1646 versa
1056 1581 1181 1646 vident.

323 1687 341 1716 “
364 1683 487 1770 Arguit
510 1684 564 1750 hie
586 1683 714 1772 vigilea
737 1689 891 1748 caueatur
913 1687 948 1747 et
971 1681 1026 1747 ille
1048 1683 1208 1764 bibeutee,

368 1790 386 1819 “
408 1785 550 1872 Impetit
572 1786 626 1852 hic
647 1785 781 1872 gallum,
805 1784 942 1849 damnat
965 1788 1000 1849 et
1021 1783 1078 1850 ille
1101 1806 1234 1850 merum.

260 1871 261 1875 ¹
322 1890 340 1920 ‘¹
363 1884 498 1952 Talibus
520 1887 652 1964 auditis,
676 1887 754 1952 nido
776 1884 902 1972 gallina
924 1886 1039 1950 reliCiO

367 1992 384 2022 “
408 1986 511 2068 Exiit,
535 1993 570 2054 et
592 1987 678 2075 gallo
701 1985 784 2052 talia
807 1987 908 2053 verba
929 1987 1036 2054 refert.

646 2221 871 2304 Quattmoae'a
891 2223 1044 2308 yatttnae.

322 2357 340 2386 “
363 2352 576 2418 ‘Gundulfue
598 2358 710 2418 noster
732 2353 833 2418 rediit
855 2353 1034 2419 frustratus
1057 2355 1099 2419 ab
1121 2355 1211 2434 urbe,

369 2459 386 2488 “
410 2453 560 2536 ‘Tristia
584 2458 618 2520 et
641 2455 677 2519 in
699 2454 851 2520 laerimae
874 2460 966 2520 tetus
990 2455 1081 2520 abire
1104 2463 1207 2541 parat.

324 2560 341 2588 “
366 2553 436 2619 ‘Et
458 2560 560 2640 pater,
583 2563 617 2622 et
639 2555 800 2642 genetrix,
824 2553 965 2636 fratres‚³
987 2556 1180 2642 miseraeque
1203 2579 1328 2624 sorores

369 2663 387 2690 “
411 2656 478 2720 ‘Iu
500 2656 651 2723 lacrimae
673 2657 820 2736 abeunt;
851 2657 985 2721 omnia⁴
1006 2659 1115 2723 luctus
1138 2659 1284 2725 habent!⁵

324 2762 341 2790 “
366 2756 550 2836 ‘Quamvis
574 2757 760 2822 Gundulfus
782 2757 901 2842 laqueo
924 2780 1101 2844 suspensus
1124 2761 1270 2841 obisset,⁰

366 2863 384 2892 “
408 2858 510 2922 ‘Non
532 2865 665 2944 possent
687 2858 759 2942 ejus
781 2859 898 2924 funera
921 2859 999 2924 flere
1022 2861 1133 2947 magia

322 2963 340 2993 ‘¹
365 2958 634 3046 ‘Imponuntque
656 2960 720 3024 tibi
743 2959 871 3046 culpam
897 2961 1095 3026 discriminis
1118 2961 1226 3050 hujus,

367 3065 384 3094 “
409 3059 485 3125 ‘Sis
508 3059 601 3147 quasi
623 3061 728 3126 totius
751 3083 849 3126 eausa
871 3067 1037 3150 caputque
1060 3064 1157 3129 mali?

702 3287 878 3354 Sententia
898 3288 992 3373 yatli.

321 3425 341 3456 “
364 3419 458 3485 Talia
480 3421 601 3487 dieenti
623 3422 732 3509 gallus
753 3423 933 3508 respondit,
957 3423 1136 3510 ‘Iniquam

369 3527 387 3558 ‘⁴
411 3523 513 3588 ‘Non
534 3527 624 3610 puto,
647 3525 705 3590 sed
729 3525 872 3611 dignam,
896 3547 955 3610 pro
978 3526 1050 3592 viee
1073 3525 1171 3591 darei
1193 3529 1304 3595 vieem.

322 3629 340 3658 “
366 3625 503 3690 ‘Pullus
524 3647 613 3690 eram
635 3627 811 3712 quondam,
836 3625 1005 3692 Gundulfo
1026 3630 1241 3713 percutiente,

368 3731 386 3759 “
411 3725 525 3790 ‘Tibia
547 3727 652 3792 fracta
674 3727 747 3806 fuit,
772 3727 841 3814 ipae
863 3727 1015 3793 recordor
1037 3729 1150 3794 adhue

320 3831 337 3859 “
362 3825 560 3891 ‘Materiam
583 3829 672 3912 prior
694 3828 763 3914 ipse
787 3829 870 3893 mibi
894 3852 1092 3916 causamque
1115 3831 1239 3896 doloris

367 3935 385 3963 ‘⁴
409 3929 563 4008 ‘Intulit
586 3930 708 3996 indicio
730 3931 817 3996 tibia
838 3932 943 3996 fracta
965 3939 1086 4000 manet.

322 4036 340 4065 “
364 4030 464 4118 ‘Ipse
485 4031 574 4116 prior
596 4032 679 4111 risit,
704 4032 783 4098 dum
808 4033 946 4100 vulnera
968 4040 1083 4100 nostra
1105 4036 1262 4116 dolerent,

367 4141 386 4169 “
409 4132 531 4198 ‘Nune
554 4153 613 4219 ege
636 4133 780 4199 derisum
803 4135 894 4201 rideo
915 4135 988 4224 lege
1011 4137 1090 4223 pari.

324 4239 342 4270 “
366 4233 442 4301 ‘Sic
463 4235 573 4300 variat
596 4235 732 4300 fortuna
753 4235 850 4317 vices,
873 4237 919 4303 sie
941 4239 1064 4324 gaudia
1085 4239 1196 4306 luctus

370 4343 388 4373 “
412 4337 590 4424 ‘Occupat
613 4337 741 4402 excelsa
762 4336 808 4403 sie
830 4338 983 4405 cecidisse
1006 4341 1119 4406 solent.

359 4544 365 4577 ¹
374 4551 490 4610 properat
502 4543 587 4605 tristia,
598 4541 725 4608 multoque,
737 4545 767 4596 Β.
904 4547 915 4580 ⁶
927 4546 1007 4609 iata,
1019 4548 1051 4600 B.
1063 4551 1114 4600 aud
1125 4551 1156 4601 P.

356 4623 366 4654 ⁵
378 4622 478 4681 radiens.
491 4623 521 4674 B.
905 4625 1024 4689 “abiaeet
1036 4628 1066 4680 P.

358 4701 369 4734 ³
376 4702 470 4765 stater,
482 4702 511 4750 P.
905 4706 915 4744 ⁷
924 4723 972 4771 pro
983 4707 1034 4756 vica
1045 4706 1124 4768 reddo,
1136 4709 1166 4760 Β.

357 4779 368 4811 ⁴
379 4779 448 4840 talia,
463 4781 491 4828 Ρ.
