3524 5802
388 856 430 920 40
489 866 668 918 sarrnrcau
691 865 795 916 roms
818 865 862 914 or
885 865 955 914 rna
977 863 1142 914 rwunrru
1165 862 1338 918 cauruar.

391 1041 597 1108 “Faucibus
620 1038 764 1104 insideat
786 1035 873 1102 mala
895 1039 1003 1124 gutta,
1026 1041 1191 1124 caputque
1213 1037 1339 1126 fatiget,

436 1149 455 1178 “
478 1142 613 1209 Defluat
635 1143 670 1206 et
692 1144 810 1204 venter
831 1142 928 1204 nocte
951 1138 1070 1224 dieque
1093 1160 1178 1204 suus

393 1251 411 1282 “
434 1245 548 1310 Durus
569 1243 601 1308 ei
623 1241 776 1307 dominus
798 1241 934 1327 longum
958 1239 1110 1306 succedat
1131 1240 1166 1304 in
1190 1262 1308 1322 aevum,

439 1353 457 1381 “
481 1344 647 1410 Rixentur
669 1363 796 1429 semper
817 1363 903 1406 uxor
925 1347 960 1406 et
982 1341 1052 1430 ipre
1074 1341 1179 1408 simul.

395 1457 413 1486 “
438 1449 539 1514 Hunc
561 1447 654 1535 pedis
676 1467 698 1512 a
719 1445 836 1533 planta
857 1449 1085 1511 summotenus
1107 1465 1162 1510 ore
1184 1449 1344 1531 perurant

440 1557 457 1586 “
481 1549 610 1630 Ulcera,
634 1569 708 1636 qure
731 1551 881 1614 scateant
903 1547 1072 1613 vermibus
1093 1551 1195 1632 atque
1217 1546 1279 1612 lue.

395 1661 413 1688 “
437 1653 537 1718 Hunc
559 1671 619 1740 ego
642 1648 836 1716 commendo
860 1647 1028 1726 Sathanae,
1052 1648 1092 1714 de
1114 1652 1253 1714 stercore
1276 1648 1369 1734 cujus

440 1761 457 1789 “
481 1754 614 1820 Dicitur
636 1773 705 1818 esse
727 1755 828 1831 satus,
852 1750 941 1836 quod
963 1750 1080 1838 probat
1102 1751 1171 1837 ipse
1193 1751 1281 1816 satis.

396 1863 413 1892 “
437 1855 538 1920 Hunc
560 1875 621 1940 ego
643 1853 671 1919 si
693 1873 820 1940 possem
842 1857 951 1917 totum
974 1853 1081 1918 delere
1104 1875 1161 1939 per
1183 1853 1304 1932 orbem,

442 1964 459 1992 “
483 1956 605 2023 Nullus
626 1955 657 2020 ei
680 1956 774 2021 fieret
796 1955 876 2020 urbe
898 1955 952 2019 vel
975 1955 1052 2020 orbs
1074 1955 1189 2022 locus.’'

672 2186 827 2272 Qualiter
848 2186 1037 2254 Buccellas
1058 2186 1170 2254 recitat.

397 2325 461 2391 His
483 2321 608 2412 igiturl
630 2323 736 2402 dictis,
760 2321 885 2410 patrias
909 2322 1085 2388 Burnellus
1108 2323 1151 2388 ad
1173 2344 1245 2388 oras

440 2427 552 2494 Laetus
574 2429 610 2491 et
632 2425 786 2491 exultans
808 2445 905 2489 manc
928 2424 1036 2490 redire
1059 2431 1164 2511 parat.

396 2528 550 2596 Crastina
571 2527 631 2592 lux
654 2526 779 2607 aderat,
804 2524 980 2590 Burncllus
1003 2531 1143 2591 onustus
1165 2526 1208 2591 ab
1231 2525 1312 2590 urbe

440 2631 530 2710 Exit,
554 2617 588 2694 et
611 2627 754 2694 exsolvit
776 2632 858 2693 vota
880 2649 1055 2714 precesque
1078 2626 1156 2692 Dec.

396 2731 535 2800 Ossibus
557 2730 593 2794 in
615 2730 703 2795 laetis
725 2751 825 2815 quam
848 2730 892 2795 sit
915 2729 1026 2794 vicina
1048 2729 1154 2808 ruina,

439 2834 485 2898 Et
507 2819 619 2919 lapsus
640 2831 746 2896 facilis
768 2852 865 2896 nemo
888 2831 1002 2898 videre
1025 2829 1156 2918 potest!

393 2935 473 3000 Jam
496 2954 596 3020 prope
619 2931 820 3018 Lugdunum
844 2931 988 3012 veniens,
1012 2932 1190 3017 callemque
1212 2937 1351 3012 secutus,

438 3036 502 3100 Per
524 3039 596 3098 seta
618 3033 790 3112 transibat,
814 3033 862 3098 nil
885 3033 1077 3099 meditando
1100 3033 1187 3098 mali.

396 3133 524 3220 Quaeml
545 3134 657 3224 procul
679 3134 838 3221 aspiciens
862 3135 997 3220 quidam
1021 3135 1062 3200 do
1085 3133 1260 3200 Fratribus
1281 3134 1386 3216 Albis,

441 3238 590 3320 Quorum
611 3235 756 3302 vicinam
779 3237 922 3324 contigit
942 3257 1011 3302 esse
1033 3257 1150 3316 casam,

569 3467 723 3551 Qualiter
745 3467 933 3534 Barnellas
954 3467 1081 3534 tonabit
1103 3469 1146 3535 c'o
1168 3490 1274 3536 conca

397 3605 549 3686 Quatuor
571 3605 748 3670 immensos
770 3604 915 3671 mordaci
938 3607 1038 3671 dente
1060 3606 1216 3674 molossos

443 3707 635 3772 Immittens
657 3707 694 3770 in
717 3727 802 3788 eum,
827 3707 909 3772 talia
932 3707 1020 3772 dixit
1043 3709 1082 3774 ci.

324 3821 328 3824 “
399 3816 417 3844 “
439 3808 503 3874 Per
525 3813 598 3874 sata
620 3812 734 3873 nostra
755 3810 812 3873 via
833 3807 898 3874 tibi
919 3807 1010 3874 non³
1032 3809 1157 3876 directa
1177 3811 1320 3893 videtur,

444 3914 462 3943 “
486 3907 600 3973 Num⁴
622 3909 720 3974 nimis
742 3914 834 3975 arcta
856 3909 922 3976 fuit
945 3909 1077 3998 publica
1099 3916 1207 3978 strata
1228 3911 1318 3978 tibil

400 4017 417 4045 “
441 4008 596 4075 Forsitan
619 4009 745 4090 errasti,
769 4011 826 4076 sed
848 4011 1034 4098 numquid⁵
1048 4017 1190 4098 quatuor
1212 4013 1270 4079 isti

444 4117 462 4146 “
485 4109 563 4176 Non
585 4115 742 4198 poterunt
764 4115 888 4177 rectam
911 4117 946 4178 te
969 4113 1116 4180 docuisse
1138 4113 1252 4179 viam?

400 4219 417 4249 “
440 4213 503 4279 Per
525 4209 689 4300 crepitss⁰
710 4217 848 4294 nostras,
871 4213 987 4279 melior
1008 4214 1073 4280 tibi
1094 4219 1184 4281 torta
1205 4215 1316 4303 platea

444 4321 462 4349 “
485 4313 576 4381 Galle
597 4314 682 4380 foret
704 4318 795 4380 recto
818 4336 898 4379 num
921 4311 1010 4380 nisi⁷
1032 4315 1155 4382 stultus
1178 4337 1246 4404 ego.

431 4520 555 4586 ¹cr9aP.
980 4521 1173 4585 ⁵nunpncm,B.

431 4597 568 4660 ’ΜΕ
982 4597 1054 4649 ⁶Per
1064 4601 1185 4666 crepidas,
1195 4601 1226 4652 P.

432 4678 518 4738 θηκηι,
528 4678 559 4727 Β.
593 4675 636 4726 ribi
649 4678 689 4726 uic
701 4693 755 4738 non,
767 4679 796 4729 P.
982 4675 1078 4738 herta,
1096 4680 1142 4729 rim
1158 4681 1214 4743 aial,
1234 4682 1264 4734 B.
1301 4681 1371 4735 Cala
1382 4685 1453 4750 soret

432 4753 529 4818 ⁴Nam,
540 4753 571 4806 P.
950 4759 1158 4821 reputoaoam'rr',
1170 4758 1200 4810 P.
