3524 5802
439 846 461 910 t
542 852 727 906 summum
749 853 853 906 nouus
876 853 1011 948 os'rnu
1033 853 1197 907 rursum
1220 853 1392 908 murnai.

441 1028 589 1111 formam,
612 1031 669 1097 sod
699 1031 931 1117 nequaquam¹
955 1031 992 1096 in
1021 1031 1133 1096 animo
1163 1030 1343 1118 praeteritae
1373 1049 1492 1115 reprae-

441 1133 638 1199 sentationis
671 1138 845 1220 conservat
879 1133 1080 1214 memoriam,
1112 1133 1159 1199 sio
1192 1137 1227 1199 et
1256 1131 1370 1198 stultis
1397 1129 1492 1196 inmi-

440 1233 522 1302 liare
544 1235 628 1303 solet
650 1257 721 1304 essa
751 1257 836 1316 raro,
856 1232 932 1303 vel¹
964 1234 1104 1317 difficile,
1128 1257 1149 1300 a
1170 1233 1304 1323 propria
1325 1227 1494 1300 revoeari³

440 1337 594 1416 stultitia,
636 1343 928 1426 quantumcunque
965 1337 1092 1404 iruerint
1130 1337 1254 1404 eruditi
1299 1358 1342 1403 ax
1377 1335 1494 1400 aliena.

441 1439 574 1505 Dicitur
610 1461 688 1528 ergo
729 1439 906 1528 Speculum
942 1439 1139 1517 Stultorum,
1169 1437 1250 1506 νεὶ*
1288 1437 1368 1526 quia
1397 1435 1494 1503 stulti

440 1540 589 1628 inspeoto
610 1542 775 1630 sapientia
804 1542 921 1608 statim
953 1541 1197 1608 obliviscuntur
1218 1561 1301 1621 eam,
1331 1539 1386 1606 vel
1416 1539 1495 1626 quia

440 1643 605 1730 sapientes
627 1665 670 1711 ex
692 1665 732 1711 eo
754 1644 856 1710 etiam
874 1643 1063 1732 proficiunt,
1088 1643 1178 1730 quod
1200 1643 1380 1710 stultorum
1402 1640 1494 1707 stoli-

441 1743 583 1812 ditatem
600 1745 680 1811 dum
696 1745 884 1834 aspiciunt¹
898 1745 1021 1834 seipsos
1036 1743 1246 1833 componunt,
1262 1742 1320 1812 et⁶
1341 1743 1494 1809 extrahe

441 1844 635 1934 conspeota¹
649 1847 686 1912 in
709 1847 803 1915 oculo
818 1847 927 1914 alieno
949 1848 1108 1914 sestuoam
1130 1847 1268 1934 ejiciunt
1290 1847 1335 1920 de,
1353 1845 1494 1934 proprio.

442 1947 527 2016 Haeo
559 1950 601 2015 de
631 1950 742 2018 titulo.
801 1949 1032 2017 Introduoitur
1068 1953 1180 2017 autem
1217 1948 1337 2028 adnue,
1371 1946 1493 2014 animal

442 2047 590 2117 seilicet⁸
612 2051 779 2134 stolidum,
802 2052 919 2118 volens
949 2051 1086 2118 eandam
1116 2050 1216 2117 aliam
1245 2055 1280 2142 et
1301 2049 1491 2138 ampliorem

442 2173 543 2237 quam
576 2157 699 2218 natura
729 2153 915 2220 oontulerat
946 2158 1062 2220 eontra
1090 2157 1247 2218 naturam
1276 2152 1340 2218 sibi
1370 2147 1494 2228 inseri,¹

441 2273 510 2319 non
529 2253 704 2342 respiciens
720 2255 800 2342 quid
816 2255 991 2322 necessitas
1014 2259 1179 2344 exposcat,
1195 2254 1253 2320 sed
1275 2253 1356 2341 quid
1379 2254 1492 2340 inepta

442 2356 611 2444 cupiditas
643 2357 791 2437 suadeat,
824 2378 863 2423 eo
901 2354 1042 2444 magis¹⁰
1074 2361 1156 2422 vota
1192 2377 1254 2422 sua
1282 2356 1319 2420 in
1349 2348 1493 2422 vetitum

442 2456 637 2526 exacuons¹¹
660 2479 726 2544 quo
741 2459 785 2524 ad
807 2458 1024 2545 impossibilia
1045 2479 1079 2524 se
1102 2457 1269 2524 eonvertit
1294 2455 1491 2524 desiderium

441 2556 654 2646 impatiens¹¹
676 2559 853 2626 dilationis.
898 2559 1024 2625 Asinus
1053 2560 1118 2626 iste
1140 2558 1319 2626 monachus
1349 2563 1411 2640 est,
1434 2565 1493 2626 aut

441 2661 496 2725 vir
520 2660 663 2747 quilibet
694 2659 903 2748 religiosus¹¹
932 2662 969 2726 iu
998 2661 1141 2729 claustro
1170 2662 1308 2749 positus,
1330 2661 1398 2748 qui,
1420 2667 1492 2728 tan-

441 2782 540 2847 quam
563 2761 677 2826 asinus
699 2762 743 2827 ad
765 2783 866 2829 onera
887 2763 1052 2849 portanda
1071 2763 1210 2829 Domini
1220 2762 1247 2802 ¹⁴
1276 2763 1413 2829 servitio
1442 2768 1494 2830 est

441 2863 656 2950 mancipatus,
690 2864 748 2950 qui
782 2885 849 2930 non
881 2869 1055 2932 eontentus
1086 2865 1274 2933 conditione
1307 2887 1376 2943 aua,
1409 2865 1493 2932 siout

441 2986 502 3032 neo
524 2965 637 3030 asinus
659 2967 765 3032 oauda
786 2965 881 3046 sua,¹⁵
903 2965 1028 3054 qu0d¹¹
1050 2967 1250 3035 naturaliter
1270 2989 1338 3034 non
1359 2968 1493 3056 aoospit,

440 3067 496 3135 vel
518 3073 724 3155 repugnante
746 3067 900 3134 natma¹⁷
922 3090 1134 3157 nequequam
1157 3068 1317 3157 poterit¹⁸
1339 3070 1493 3157 racipere,

440 3167 583 3256 amplius
610 3167 783 3250 affeotat‚¹⁰
805 3169 849 3236 ad
881 3168 966 3236 illud
997 3171 1104 3238 modis
1138 3172 1292 3238 omnibus
1321 3169 1493 3251 anhelat,¹¹

441 3274 476 3336 et
509 3269 652 3336 consulit
685 3269 858 3352 medicum,
887 3272 924 3337 id
953 3269 1040 3352 est,¹¹
1070 3294 1297 3360 quemeumque
1329 3277 1428 3362 putat
1457 3273 1492 3338 id

440 3373 505 3438 sibi
526 3370 657 3460 posse¹¹
685 3373 841 3456 conferre,
864 3375 953 3461 quod
975 3379 1087 3442 mente
1117 3381 1235 3464 eaptus
1256 3375 1404 3444 aestimat
1426 3397 1493 3442 esse

476 3655 484 3689 ¹
496 3672 578 3721 aeque,
592 3655 623 3707 B.
1027 3659 1047 3693 ¹¹
1058 3661 1178 3726 uisuntur
1190 3669 1227 3713 ert
1236 3663 1373 3730 impatiens,
1383 3662 1413 3714 P.
1432 3660 1493 3713 diln-

474 3732 486 3766 ¹
505 3733 636 3798 familiare
659 3743 787 3786 atrorum
809 3734 947 3801 soleamne,
993 3739 1066 3790 donis
1079 3741 1256 3807 impudm‚B.

441 3811 486 3874 vel,
497 3813 527 3863 P.
1025 3815 1045 3850 ¹¹
1056 3827 1101 3870 aut
1111 3821 1247 3886 partusque
1258 3819 1323 3871 aaa
1334 3817 1385 3884 ret,
1397 3821 1427 3873 P.

474 3889 611 3943 ¹revaeon'
620 3895 758 3959 a'propria,
771 3895 802 3945 B.
1024 3895 1044 3929 ¹¹
1055 3896 1090 3949 ud
1100 3897 1237 3964 estquod
1253 3899 1365 3963 Domini,
1375 3899 1405 3952 P.
1440 3899 1492 3950 Do

474 3970 486 4002 ⁴
498 3968 536 4021 uel
546 3971 653 4024 omitted
663 3971 690 4023 in
701 3973 731 4022 P.
989 3977 1048 4026 asiai
1062 3977 1162 4027 matio
1173 3986 1209 4030 est
1220 3977 1359 4044 mpsim,
1370 3979 1402 4030 B.

475 4047 540 4114 ‘qua'
561 4049 617 4100 dara
642 4049 767 4102 stultorum
794 4051 946 4104 assiduam
1024 4052 1299 4109 “momittediult

496 4129 525 4140 ''
1024 4131 1045 4166 ¹¹
1055 4135 1121 4185 aeut
1132 4137 1378 4201 adnumeranda,
1390 4136 1495 4203 idpuod

1025 4291 1045 4331 ¹⁷
1056 4301 1149 4345 mlum
1160 4302 1317 4363 repuprraste,
1328 4295 1359 4350 P.

474 4363 590 4418 ⁸acilioet
601 4367 710 4420 omitted
720 4367 746 4419 in
758 4367 788 4421 P.
1022 4369 1044 4404 ¹⁸
1050 4379 1140 4439 potest,
1151 4371 1182 4426 B.

475 4445 486 4478 ⁹
497 4448 595 4512 inferri,
605 4449 635 4500 B.
1024 4450 1043 4484 ¹¹
1055 4451 1162 4519 afficiat
1171 4451 1284 4519 amplius,
1295 4455 1326 4508 P.

476 4525 497 4558 ¹⁰
508 4535 632 4592 προωαε,
644 4535 668 4578 et
683 4535 764 4580 atoma
774 4527 870 4580 utilitas
888 4545 946 4580 aaa·
1023 4527 1045 4561 ¹⁰
1056 4529 1183 4593 anhelans,
1200 4531 1231 4584 P.
1265 4531 1371 4594 anhelat,
1389 4531 1494 4584 consulit

443 4603 507 4666 deut,
518 4620 591 4670 eoque
601 4607 689 4671 moia,
699 4607 729 4658 P.
989 4608 1098 4671 mcor,
1109 4611 1140 4662 B.

477 4681 495 4715 ¹¹
509 4690 563 4734 vota
575 4691 839 4738 numeraremus
847 4704 946 4750 acum,
1023 4686 1042 4721 ¹¹
1060 4687 1328 4744 idestomittedinP.

441 4761 472 4814 P.
1023 4766 1126 4834 ”pocae
1138 4767 1160 4819 is
1172 4769 1248 4835 giren
1259 4771 1294 4836 by
1305 4769 1336 4822 B.
1363 4771 1366 4778 ’
