3512 5842
508 909 652 960 urcsuur
675 909 856 960 senounuu
879 909 1092 960 srunronuu.
1281 892 1324 966 77

274 1090 292 1118 “
317 1083 485 1171 Stigmata
507 1087 637 1150 nuturae
659 1083 788 1149 servilis
811 1083 1010 1148 conditionis

320 1193 337 1220 “
361 1186 489 1252 Tollere
513 1208 573 1252 neo
596 1185 742 1251 medicus
765 1208 824 1251 nec
848 1185 1010 1250 medicina
1033 1189 1150 1270 potest.

275 1295 293 1326 ‘⁶
318 1288 454 1376 Semper
476 1289 519 1354 ab
541 1288 660 1354 effectu
684 1311 759 1374 quoe
781 1290 826 1353 sit
848 1291 978 1368 nature,
1003 1290 1055 1354 vel
1078 1289 1167 1354 unde

317 1397 335 1426 “
359 1391 520 1457 Veneritl
541 1391 710 1472 ostendit‚¹
734 1413 794 1458 nee
816 1391 953 1458 latuisse
975 1392 1113 1478 potest.''

387 1647 573 1734 [Discessere
596 1649 757 1715 Brlrnclli
780 1671 802 1715 ct
825 1651 959 1716 civitate
983 1649 1204 1735 Purisicusi.]

274 1803 367 1868 Tulin
390 1803 567 1870 Burnellus
589 1827 698 1872 secum
720 1806 909 1885 meditatus,
934 1809 977 1873 ab
1000 1807 1081 1874 urbe

319 1905 464 1970 Purisius
487 1908 606 1972 statuit
630 1930 726 1973 inane
749 1909 868 1974 referre
892 1911 1015 1996 pedem.

276 2007 362 2093 Ergo
385 2007 459 2073 vale
482 2007 569 2073 facto
593 2010 689 2075 sociis
711 2015 745 2074 et
767 2011 927 2076 fientibus
949 2011 1017 2076 illis

320 2110 491 2190 Omnibus,
514 2113 594 2191 exit,
618 2112 700 2192 abit,
723 2115 946 2199 acceleratque
969 2114 1116 2200 grsdunu

276 2213 402 2278 Montis
423 2213 458 2276 in
481 2235 617 2279 ascensu
640 2215 776 2300 positus,
800 2221 874 2302 post
897 2221 991 2301 tergo
1012 2215 1159 2282 relictam

322 2315 482 2380 Patisium
507 2337 651 2393 cernens,
675 2317 921 2402 obstupefactus
943 2318 1013 2382 ait:

276 2423 295 2450 “
319 2417 442 2482 Sancto
465 2416 581 2497 Morio,
606 2419 705 2499 Deus,
728 2442 811 2486 crux
835 2419 970 2496 Christi,
993 2441 1046 2485 me
1069 2419 1264 2486 benedicet!

322 2525 339 2553 “
363 2519 438 2584 Hoc
461 2519 497 2584 in
520 2519 608 2585 valle
631 2521 716 2587 situs
739 2523 813 2608 quis
834 2523 923 2588 locus
947 2543 1016 2586 esse
1039 2526 1170 2608 potest?

278 2626 295 2655 “
319 2621 401 2687 Hoec
425 2628 475 2687 est
500 2621 614 2703 Rome,
639 2628 730 2709 puto,
756 2624 884 2710 magnis
906 2623 1108 2689 circumdato·
1132 2623 1258 2688 muris!

324 2731 341 2758 “
365 2723 456 2790 Urbs
479 2725 528 2789 ito
551 2726 672 2790 turrito
694 2726 775 2811 quid
797 2726 863 2790 nisi
889 2725 995 2791 Romo
1017 2726 1122 2792 soret?
1173 2731 1176 2736 '

279 2832 296 2859 ‘⁴
320 2828 434 2912 Atque
457 2827 537 2913 quid
560 2849 628 2893 esse
651 2833 762 2914 potest
784 2827 875 2894 aliud
891 2850 991 2914 quarn
1008 2829 1105 2894 Mons
1120 2828 1217 2895 Jovis
1240 2828 1327 2894 istst

323 2933 339 2962 ‘¹
363 2927 486 2993 Sancte
510 2927 618 2992 Meris
642 2929 750 2996 Deus!
773 2935 824 2995 est
846 2931 897 2996 ito
920 2930 1027 2994 Rome
1049 2934 1177 3017 propel

276 3034 294 3062 ‘¹
319 3027 419 3108 Urbs,
443 3029 480 3093 in
503 3051 570 3115 que
592 3031 714 3111 studui,
738 3031 831 3116 cujus
853 3032 951 3098 modo
974 3053 1093 3097 nornen
1116 3033 1158 3098 ob
1181 3053 1237 3098 ore

321 3137 339 3165 “
363 3131 473 3219 Fugit,
491 3137 531 3197 'et
553 3154 574 3198 o
596 3135 715 3202 eordel
765 3133 822 3200 Vre
844 3133 946 3200 mihil
970 3135 1077 3220 qualis
1100 3133 1204 3221 egcl²

276 3239 294 3267 “
319 3233 406 3320 Ergo
429 3234 563 3300 domum
585 3241 745 3323 repetens,
769 3237 858 3324 patri
880 3237 1045 3322 matrique
1068 3237 1198 3322 roganti

322 3343 340 3370 “
364 3335 539 3417 Quonem³
561 3339 717 3424 profiteor
738 3359 790 3404 me
813 3338 980 3404 studuisse
1002 3339 1079 3404 loco.

275 3445 294 3472 ‘¹
319 3438 374 3504 Me
396 3439 483 3505 forto
505 3445 714 3521 trutunnum,
738 3463 790 3506 me
813 3441 862 3504 nil
885 3440 1045 3520 didicisse,
1069 3445 1223 3526 parentes

323 3546 340 3576 “
364 3541 495 3624 Dicent,
519 3547 553 3608 et
576 3549 727 3630 sumptus
751 3543 928 3629 deperiisse
950 3564 1035 3608 suos.

277 3649 294 3676 “
319 3643 407 3730 Ergo
429 3647 578 3709 revertor
600 3665 669 3731 ego,
692 3667 813 3710 nornen
837 3643 926 3730 quod
949 3645 1058 3710 nescio
1081 3645 1213 3724 disum,

322 3752 340 3779 “
364 3744 415 3809 Ne
439 3745 531 3810 rudis
552 3746 588 3810 in
612 3747 721 3832 patris
744 3747 903 3833 praedieer
926 3767 996 3812 esse
1020 3767 1099 3812 mee

277 3855 294 3883 “
318 3848 397 3913 Non
419 3847 504 3912 nihil
527 3847 611 3913 illud
634 3849 706 3928 erit,
731 3870 806 3914 oum
829 3848 966 3914 nomine
988 3849 1098 3916 certe⁴
1120 3850 1267 3916 locorum

322 3957 339 3986 ⁴⁶
363 3950 497 4031 Dixere,
521 3951 734 4039 confingens⁵
756 3973 809 4018 me
832 3951 977 4017 tenuisse
1000 3951 1134 4018 scholas.

277 4062 295 4091 “
319 4054 365 4119 Et
388 4053 416 4117 si
439 4052 606 4118 nesciero⁰
629 4055 683 4118 vel
706 4055 840 4119 nomino
863 4054 933 4120 solo
955 4055 1085 4134 referre,

321 4163 339 4191 “
363 4154 528 4241 Quicquid
551 4176 612 4241 ego
634 4155 742 4222 dicem
765 4156 894 4222 credere
917 4177 1014 4222 nemo
1036 4157 1153 4224 volet.’'

670 4350 680 4354 -
694 4350 755 4355 --—
763 4349 799 4355 --.
835 4349 955 4355 .—.-.......-.
962 4347 1181 4354 -—..-..-.—-—-
1194 4345 1322 4352 ’.η-.-

308 4471 317 4504 ¹
328 4470 446 4534 asendit,
457 4472 487 4522 P.
856 4471 867 4501 ⁴
878 4477 952 4530 certo,
965 4469 994 4520 P.

308 4549 410 4614 equalis
421 4555 496 4600 erol?
511 4550 542 4602 B.
746 4609 749 4616 Ι
858 4549 868 4581 ⁶
880 4548 1035 4614 confirmans,
1046 4548 1076 4598 B.

308 4628 403 4691 ³ruodo,
415 4630 443 4682 P.
859 4627 870 4660 ⁶
881 4628 1003 4692 nescirer,
1014 4627 1043 4680 P.
