3512 5842
510 903 653 958 monam
676 903 859 956 srncunuu
881 903 1096 958 srumoauu.
1285 894 1326 961 75

279 1069 296 1108 ὰ
321 1076 386 1143 Sed
410 1081 521 1143 tamen
543 1077 595 1142 his
617 1075 783 1164 sumptisl
805 1077 942 1144 tandem
965 1076 1135 1144 miseratio
1158 1083 1304 1146 mentem

323 1185 340 1214 ‘¹
365 1179 487 1261 Vincit,
512 1183 546 1246 et
569 1178 670 1246 evicit
692 1202 746 1245 me
768 1180 906 1268 pietatis
929 1187 1028 1247 amor.

277 1289 294 1314 “
318 1281 477 1348 Clavibus
499 1303 576 1368 ergo
599 1281 704 1369 patris
727 1281 811 1348 clam
834 1284 984 1370 sumptis,
1008 1283 1158 1368 clamque
1180 1283 1301 1366 relatis,

321 1389 338 1417 “
362 1385 444 1448 Rem
467 1385 626 1470 grandem
648 1383 720 1466 feci,
745 1385 909 1472 quamque
931 1387 1081 1452 recordor
1104 1387 1219 1452 adbuc.

276 1493 292 1519 “
318 1485 464 1552 Carceris
487 1508 506 1551 e
527 1485 631 1552 fundo
654 1487 742 1552 fures
765 1488 807 1555 de
829 1493 936 1569 nocte,
960 1489 1076 1555 solutis

319 1595 336 1622 “
362 1589 592 1676 Compedibus,
620 1589 709 1654 solus
732 1595 767 1656 et
789 1591 861 1657 sine
884 1595 970 1657 teste
992 1591 1067 1657 tuli.

275 1696 291 1722 ‘⁶
317 1689 404 1755 Nam
427 1692 455 1755 si
478 1691 563 1756 forte
586 1691 677 1757 nefas
699 1697 834 1758 tentum
856 1693 996 1759 sciretur
1018 1693 1055 1758 in
1078 1693 1168 1776 urbe,

320 1799 337 1826 “
360 1792 518 1858 Protinus
541 1793 670 1858 inflicta
693 1794 806 1860 debita
828 1816 929 1882 poena
952 1795 1045 1861 soret.

274 1901 290 1927 “
314 1895 434 1980 Sisque
457 1895 647 1961 recedentes
669 1901 784 1962 nostro
807 1896 975 1963 mediante
998 1897 1120 1978 labore,

316 2003 333 2031 “
356 1997 498 2064 Evasere
524 1997 624 2062 simul
647 1999 793 2080 verbera,
818 1999 928 2080 verbe,
952 2020 1070 2064 cruces.

270 2107 287 2134 “
311 2101 464 2185 Quosque
490 2100 572 2166 meis
595 2101 750 2182 humeris,
774 2123 817 2167 ne
839 2102 979 2168 forsitan
1002 2101 1089 2166 alter
1111 2103 1240 2168 adesset

315 2209 332 2236 “
357 2202 524 2284 Conscius,
549 2203 686 2289 exposui
709 2208 804 2268 trans
827 2204 922 2284 vada,
945 2209 1105 2290 transque
1126 2205 1206 2270 vias.

272 2311 289 2336 “
313 2304 393 2367 Tres
416 2303 524 2384 simul,
547 2309 649 2388 atque
672 2305 780 2385 semel,
804 2327 846 2370 ne
868 2305 942 2391 quis
964 2311 1149 2372 remaneret
1171 2328 1284 2372 eorum

317 2411 334 2438 “
358 2405 534 2492 Impositos
559 2407 706 2472 humeris
728 2407 858 2494 longius
880 2408 949 2494 ipse
972 2408 1044 2472 tuli.

273 2516 288 2541 “
314 2507 392 2589 Nec,
416 2513 592 2595 postquam
617 2508 702 2574 ferre
725 2509 826 2574 didici
848 2510 936 2576 mala
957 2511 1112 2597 pondera,
1135 2513 1265 2598 pondus

317 2619 333 2646 “
358 2612 412 2676 Me
438 2611 573 2676 memini
596 2611 663 2676 tale
686 2616 820 2698 tamque
843 2612 957 2678 tulisse
979 2635 1088 2700 grave.

272 2719 288 2748 “
313 2713 460 2800 Quisque
482 2713 563 2779 satis
585 2735 643 2800 per
665 2736 700 2779 se
721 2713 831 2780 fuerat
852 2737 953 2802 grave
975 2717 1113 2801 pondus,
1137 2718 1172 2783 in
1194 2741 1299 2786 unum

313 2824 330 2850 “
355 2817 489 2896 Quanto
515 2816 643 2881 collecti
667 2816 741 2902 plus
764 2837 904 2882 nocuere
927 2817 1019 2884 mihi.

268 2927 285 2953 “
308 2917 417 2982 Annis
439 2917 629 3004 quingentis
652 2917 681 2982 si
704 2917 829 2999 vixero,
853 2917 1006 3004 ponderis
1031 2919 1128 3006 hujus

313 3026 330 3053 “
354 3020 426 3084 Prae
448 3021 615 3105 gravitate
636 3019 720 3082 mihi
742 3041 875 3106 corpore
898 3020 991 3106 pejor
1013 3043 1077 3086 ero.

267 3131 283 3156 “
308 3122 468 3188 Ponderis
489 3121 588 3203 illius,
613 3122 767 3208 quisine
790 3122 873 3187 tulit
895 3122 974 3187 inde
997 3123 1158 3206 deorsum,

311 3231 328 3258 ‘⁶
353 3223 443 3304 Quin
465 3245 591 3288 memor
614 3223 757 3290 existam
779 3245 848 3288 non
871 3224 936 3289 erit
958 3223 1029 3288 ulla
1051 3225 1129 3291 dies.

267 3335 283 3361 “
308 3327 397 3393 Malo
420 3333 535 3393 tamen
557 3327 693 3392 miseros
715 3331 830 3394 nostro
853 3349 1001 3394 servasse
1024 3329 1144 3409 labore,

312 3437 328 3463 “
353 3430 461 3510 Quam
484 3451 553 3494 non
575 3433 723 3494 servatos
746 3429 936 3516 exposuisse
958 3430 1055 3496 cruci

266 3540 283 3564 “
308 3531 458 3618 Cumque
482 3533 555 3598 vele
577 3531 731 3612 facerent,
754 3534 789 3596 et
810 3530 946 3596 fletibus
968 3553 1028 3597 ora
1047 3532 1203 3619 rigerent,

311 3641 328 3667 “
351 3634 444 3699 Talia
466 3634 623 3720 prostrati
645 3634 704 3698 vix
728 3633 860 3698 valuere
882 3633 984 3720 loqui.

265 3743 282 3771 “
307 3737 413 3802 ‘Ecce
435 3737 496 3818 tui,
520 3735 652 3801 domine
676 3735 842 3816 Burnells,
865 3757 925 3822 per
947 3736 1059 3801 omnia
1081 3738 1168 3803 servi

309 3845 326 3872 “
351 3837 440 3903 ‘Hic
463 3835 522 3903 et2
543 3837 579 3902 in
601 3842 764 3904 aeternum
787 3843 855 3904 tres
877 3861 991 3905 sumus
1012 3859 1086 3905 ecce
1107 3841 1166 3906 tui.

264 3950 280 3976 ‘⁶
306 3942 380 4006 ‘Tu
402 3943 480 4006 dare
503 3963 562 4008 nos
585 3941 716 4028 poteris,
740 3947 778 4008 tu
801 3941 952 4023 vendere,
976 3945 1081 4028 tuque
1104 3964 1228 4028 vocare,

309 4051 326 4078 “
351 4045 448 4124 ‘Quo
470 4043 535 4110 tibi
558 4066 698 4132 cumque
720 4044 837 4132 placet,
860 4051 895 4111 et
917 4045 1088 4112 veniemus
1110 4069 1156 4112 eo.

263 4155 280 4182 ‘⁶
304 4147 380 4212 ‘Tu
402 4145 511 4212 tribus
532 4147 585 4212 his
607 4148 734 4213 miseris
755 4149 890 4214 veniam
911 4145 1106 4235 vitamque⁸
1128 4149 1257 4232 dedisti,

307 4253 324 4283 “
349 4249 438 4314 ‘Sed
460 4250 541 4316 data
562 4271 630 4316 non
653 4255 766 4316 nostra
788 4251 846 4317 sed
868 4255 929 4316 tua
951 4272 1079 4337 sempor
1101 4251 1173 4319 erit.

263 4359 279 4387 “
304 4351 489 4418 ‘Nostrum
512 4353 650 4439 quisque
672 4354 737 4420 tibi
759 4375 873 4420 servus
896 4353 1081 4420 remanebit
1102 4353 1139 4420 in
1161 4375 1280 4438 aevum,

305 4462 322 4490 ‘⁶
347 4456 530 4544 ‘Tempore
552 4478 612 4524 nec
634 4457 751 4544 quovis
774 4457 903 4524 desinet
925 4479 995 4524 esse
1018 4461 1104 4524 tuus.

294 4733 300 4766 ¹
313 4734 410 4799 spretis,
421 4733 452 4784 B.
465 4733 495 4786 P.
841 4736 851 4768 ³
865 4736 937 4787 vium
950 4736 1096 4800 veniamque,
1108 4735 1138 4786 P.

293 4813 303 4844 ²
314 4812 390 4864 Nunc
402 4821 433 4879 et,
444 4813 474 4863 P.
