<?xml version="1.0" encoding="UTF-8"?>
<!DOCTYPE html PUBLIC "-//W3C//DTD XHTML 1.0 Transitional//EN"
    "http://www.w3.org/TR/xhtml1/DTD/xhtml1-transitional.dtd">
<html xmlns="http://www.w3.org/1999/xhtml" xml:lang="en" lang="en">
 <head>
  <title>
</title>
<meta http-equiv="Content-Type" content="text/html;charset=utf-8" />
  <meta name='ocr-system' content='tesseract 3.04.00' />
  <meta name='ocr-capabilities' content='ocr_page ocr_carea ocr_par ocr_line ocrx_word'/>
</head>
<body>
  <div class='ocr_page' id='page_1' title='image "anglolatinsatir00wriggoog_0098.png"; bbox 0 0 3512 5842; ppageno 0'>
   <div class='ocr_carea' id='block_1_1' title="bbox 405 860 1359 929">
    <p class='ocr_par' dir='ltr' id='par_1_1' title="bbox 405 860 1359 929">
     <span class='ocr_line' id='line_1_1' title="bbox 405 860 1359 929; baseline 0.002 -3"><span class='ocrx_word' id='word_1_1' title='bbox 405 860 448 926; x_wconf 81' lang='grc'>60</span> <span class='ocrx_word' id='word_1_2' title='bbox 509 871 689 923; x_wconf 80' lang='lat' dir='ltr'>SATIRICAL</span> <span class='ocrx_word' id='word_1_3' title='bbox 713 872 816 921; x_wconf 78' lang='lat' dir='ltr'>Ponrs</span> <span class='ocrx_word' id='word_1_4' title='bbox 840 872 883 922; x_wconf 85' lang='lat' dir='ltr'>OF</span> <span class='ocrx_word' id='word_1_5' title='bbox 905 873 975 922; x_wconf 82' lang='lat' dir='ltr'>&#39;l&#39;Hll</span> <span class='ocrx_word' id='word_1_6' title='bbox 999 874 1167 924; x_wconf 76' lang='lat' dir='ltr'>TWELFTH</span> <span class='ocrx_word' id='word_1_7' title='bbox 1190 876 1359 929; x_wconf 81' lang='lat' dir='ltr'><strong>CENTURY.</strong></span> 
     </span>
    </p>
   </div>
   <div class='ocr_carea' id='block_1_2' title="bbox 399 1045 1381 3865">
    <p class='ocr_par' dir='ltr' id='par_1_2' title="bbox 399 1045 1381 3865">
     <span class='ocr_line' id='line_1_2' title="bbox 405 1045 1365 1134; baseline 0.004 -24"><span class='ocrx_word' id='word_1_8' title='bbox 405 1050 422 1080; x_wconf 93' lang='lat'><strong>“</strong></span> <span class='ocrx_word' id='word_1_9' title='bbox 447 1046 551 1110; x_wconf 83' lang='lat' dir='ltr'>‘Nox</span> <span class='ocrx_word' id='word_1_10' title='bbox 574 1045 723 1110; x_wconf 78' lang='lat' dir='ltr'>hiemalis</span> <span class='ocrx_word' id='word_1_11' title='bbox 745 1045 834 1110; x_wconf 89' lang='lat' dir='ltr'>enim</span> <span class='ocrx_word' id='word_1_12' title='bbox 857 1045 965 1111; x_wconf 77' lang='lat' dir='ltr'>tribus</span> <span class='ocrx_word' id='word_1_13' title='bbox 987 1050 1038 1112; x_wconf 72' lang='lat' dir='ltr'>esi</span> <span class='ocrx_word' id='word_1_14' title='bbox 1059 1047 1217 1134; x_wconf 79' lang='lat' dir='ltr'>perlonga</span> <span class='ocrx_word' id='word_1_15' title='bbox 1239 1047 1365 1130; x_wconf 87' lang='lat' dir='ltr'>diebus,</span> 
     </span>
     <span class='ocr_line' id='line_1_3' title="bbox 449 1145 1222 1234; baseline 0.005 -23"><span class='ocrx_word' id='word_1_16' title='bbox 449 1153 467 1181; x_wconf 91' lang='lat'>“</span> <span class='ocrx_word' id='word_1_17' title='bbox 492 1145 585 1212; x_wconf 84' lang='lat' dir='ltr'>‘Nee</span> <span class='ocrx_word' id='word_1_18' title='bbox 607 1145 689 1211; x_wconf 89' lang='lat' dir='ltr'>sub¹</span> <span class='ocrx_word' id='word_1_19' title='bbox 715 1151 880 1213; x_wconf 73' lang='lat' dir='ltr'>momento</span> <span class='ocrx_word' id='word_1_20' title='bbox 903 1146 1082 1212; x_wconf 80' lang='lat' dir='ltr'>dissiluisse</span> <span class='ocrx_word' id='word_1_21' title='bbox 1105 1152 1222 1234; x_wconf 76' lang='lat' dir='ltr'>polest.</span> 
     </span>
     <span class='ocr_line' id='line_1_4' title="bbox 404 1247 1255 1334; baseline 0.002 -22"><span class='ocrx_word' id='word_1_22' title='bbox 404 1253 422 1284; x_wconf 87' lang='lat'><strong>“</strong></span> <span class='ocrx_word' id='word_1_23' title='bbox 445 1247 539 1312; x_wconf 89' lang='lat' dir='ltr'>‘Nos</span> <span class='ocrx_word' id='word_1_24' title='bbox 561 1248 679 1334; x_wconf 85' lang='lat' dir='ltr'>vigiles</span> <span class='ocrx_word' id='word_1_25' title='bbox 700 1248 830 1328; x_wconf 89' lang='lat' dir='ltr'>erimus,</span> <span class='ocrx_word' id='word_1_26' title='bbox 853 1247 941 1334; x_wconf 82' lang='lat' dir='ltr'>gullo</span> <span class='ocrx_word' id='word_1_27' title='bbox 964 1249 1132 1314; x_wconf 70' lang='lat' dir='ltr'>medianis</span> <span class='ocrx_word' id='word_1_28' title='bbox 1155 1249 1255 1330; x_wconf 86' lang='lat' dir='ltr'>fideli,</span> 
     </span>
     <span class='ocr_line' id='line_1_5' title="bbox 449 1337 1257 1436; baseline 0.002 -23"><span class='ocrx_word' id='word_1_29' title='bbox 449 1355 491 1384; x_wconf 91' lang='lat'>“‘</span> <span class='ocrx_word' id='word_1_30' title='bbox 515 1349 581 1429; x_wconf 79' lang='lat' dir='ltr'>Qui</span> <span class='ocrx_word' id='word_1_31' title='bbox 604 1349 757 1435; x_wconf 84' lang='lat' dir='ltr'>quemvis</span> <span class='ocrx_word' id='word_1_32' title='bbox 778 1337 1099 1414; x_wconf 76' lang='lat' dir='ltr'>vellelsublieuisse</span> <span class='ocrx_word' id='word_1_33' title='bbox 1121 1350 1257 1436; x_wconf 63' lang='lat' dir='ltr'>nequit?</span> 
     </span>
     <span class='ocr_line' id='line_1_6' title="bbox 403 1449 1290 1536; baseline 0 -20"><span class='ocrx_word' id='word_1_34' title='bbox 403 1457 422 1486; x_wconf 83' lang='lat'>‘⁴</span> <span class='ocrx_word' id='word_1_35' title='bbox 446 1450 559 1516; x_wconf 81' lang='lat' dir='ltr'>Gallus</span> <span class='ocrx_word' id='word_1_36' title='bbox 581 1451 623 1514; x_wconf 81' lang='lat' dir='ltr'>ad</span> <span class='ocrx_word' id='word_1_37' title='bbox 645 1449 716 1515; x_wconf 82' lang='lat' dir='ltr'>haec</span> <span class='ocrx_word' id='word_1_38' title='bbox 737 1450 839 1515; x_wconf 72' lang='lat' dir='ltr'>luciis</span> <span class='ocrx_word' id='word_1_39' title='bbox 861 1449 994 1536; x_wconf 87' lang='lat' dir='ltr'>gellinee</span> <span class='ocrx_word' id='word_1_40' title='bbox 1017 1450 1105 1516; x_wconf 77' lang='lat' dir='ltr'>dixis</span> <span class='ocrx_word' id='word_1_41' title='bbox 1127 1451 1164 1515; x_wconf 91' lang='lat' dir='ltr'>in</span> <span class='ocrx_word' id='word_1_42' title='bbox 1187 1453 1290 1532; x_wconf 77' lang='lat' dir='ltr'>sure,¹¹</span> 
     </span>
     <span class='ocr_line' id='line_1_7' title="bbox 447 1551 1176 1637; baseline 0.003 -21"><span class='ocrx_word' id='word_1_43' title='bbox 447 1559 465 1587; x_wconf 85' lang='lat'><strong><em>“</em></strong></span> <span class='ocrx_word' id='word_1_44' title='bbox 490 1552 616 1616; x_wconf 88' lang='lat' dir='ltr'>‘Obses</span> <span class='ocrx_word' id='word_1_45' title='bbox 638 1571 698 1637; x_wconf 83' lang='lat' dir='ltr'>ego</span> <span class='ocrx_word' id='word_1_46' title='bbox 720 1551 815 1616; x_wconf 88' lang='lat' dir='ltr'>vobis</span> <span class='ocrx_word' id='word_1_47' title='bbox 838 1573 897 1616; x_wconf 89' lang='lat' dir='ltr'>nee</span> <span class='ocrx_word' id='word_1_48' title='bbox 919 1551 1090 1636; x_wconf 84' lang='lat' dir='ltr'>fidejussor</span> <span class='ocrx_word' id='word_1_49' title='bbox 1113 1573 1176 1619; x_wconf 86' lang='lat' dir='ltr'>ere.</span> 
     </span>
     <span class='ocr_line' id='line_1_8' title="bbox 402 1643 1381 1738; baseline 0.003 -20"><span class='ocrx_word' id='word_1_50' title='bbox 402 1659 420 1690; x_wconf 90' lang='lat'><strong>“</strong></span> <span class='ocrx_word' id='word_1_51' title='bbox 446 1643 521 1718; x_wconf 79' lang='lat' dir='ltr'>‘Ul</span> <span class='ocrx_word' id='word_1_52' title='bbox 542 1649 687 1738; x_wconf 75' lang='lat' dir='ltr'>polerit,¹</span> <span class='ocrx_word' id='word_1_53' title='bbox 710 1651 779 1729; x_wconf 79' lang='lat' dir='ltr'>fiel,</span> <span class='ocrx_word' id='word_1_54' title='bbox 802 1652 857 1717; x_wconf 84' lang='lat' dir='ltr'>lex</span> <span class='ocrx_word' id='word_1_55' title='bbox 880 1657 938 1731; x_wconf 76' lang='lat' dir='ltr'>est,</span> <span class='ocrx_word' id='word_1_56' title='bbox 962 1675 1062 1738; x_wconf 86' lang='lat' dir='ltr'>quum</span> <span class='ocrx_word' id='word_1_57' title='bbox 1084 1653 1230 1719; x_wconf 74' lang='lat' dir='ltr'>tessere¹</span> <span class='ocrx_word' id='word_1_58' title='bbox 1252 1654 1381 1734; x_wconf 53' lang='lat' dir='ltr'>dictam</span> 
     </span>
     <span class='ocr_line' id='line_1_9' title="bbox 445 1752 1353 1839; baseline 0.003 -22"><span class='ocrx_word' id='word_1_59' title='bbox 445 1761 465 1791; x_wconf 90' lang='lat'><strong>“</strong></span> <span class='ocrx_word' id='word_1_60' title='bbox 488 1753 578 1834; x_wconf 79' lang='lat' dir='ltr'>‘Qui</span> <span class='ocrx_word' id='word_1_61' title='bbox 596 1753 696 1839; x_wconf 77' lang='lat' dir='ltr'>jasel,</span> <span class='ocrx_word' id='word_1_62' title='bbox 719 1753 773 1818; x_wconf 86' lang='lat' dir='ltr'>hie</span> <span class='ocrx_word' id='word_1_63' title='bbox 791 1752 911 1836; x_wconf 80' lang='lat' dir='ltr'>jeceal,</span> <span class='ocrx_word' id='word_1_64' title='bbox 934 1754 991 1839; x_wconf 91' lang='lat' dir='ltr'>qui</span> <span class='ocrx_word' id='word_1_65' title='bbox 1014 1753 1110 1832; x_wconf 80' lang='lat' dir='ltr'>bibil,</span> <span class='ocrx_word' id='word_1_66' title='bbox 1134 1755 1191 1819; x_wconf 87' lang='lat' dir='ltr'>ille</span> <span class='ocrx_word' id='word_1_67' title='bbox 1213 1755 1353 1822; x_wconf 44' lang='lat' dir='ltr'>bibat&amp;</span> 
     </span>
     <span class='ocr_line' id='line_1_10' title="bbox 402 1854 1365 1940; baseline 0.002 -20"><span class='ocrx_word' id='word_1_68' title='bbox 402 1862 422 1892; x_wconf 90' lang='lat'><strong>“</strong></span> <span class='ocrx_word' id='word_1_69' title='bbox 444 1856 534 1920; x_wconf 92' lang='lat' dir='ltr'>Dum</span> <span class='ocrx_word' id='word_1_70' title='bbox 557 1854 746 1940; x_wconf 73' lang='lat' dir='ltr'>loqueretur</span> <span class='ocrx_word' id='word_1_71' title='bbox 767 1855 825 1933; x_wconf 75' lang='lat' dir='ltr'>itu,</span> <span class='ocrx_word' id='word_1_72' title='bbox 848 1855 971 1919; x_wconf 83' lang='lat' dir='ltr'>clerum</span> <span class='ocrx_word' id='word_1_73' title='bbox 989 1855 1062 1940; x_wconf 84' lang='lat' dir='ltr'>jam</span> <span class='ocrx_word' id='word_1_74' title='bbox 1084 1877 1183 1920; x_wconf 83' lang='lat' dir='ltr'>mane</span> <span class='ocrx_word' id='word_1_75' title='bbox 1205 1857 1365 1924; x_wconf 83' lang='lat' dir='ltr'>fenestras</span> 
     </span>
     <span class='ocr_line' id='line_1_11' title="bbox 448 1955 1230 2036; baseline 0.001 -14"><span class='ocrx_word' id='word_1_76' title='bbox 448 1965 465 1992; x_wconf 92' lang='lat'><strong>“</strong></span> <span class='ocrx_word' id='word_1_77' title='bbox 487 1958 606 2036; x_wconf 64' lang='lat' dir='ltr'>Inerat,</span> <span class='ocrx_word' id='word_1_78' title='bbox 630 1961 664 2020; x_wconf 76' lang='lat' dir='ltr'>el</span> <span class='ocrx_word' id='word_1_79' title='bbox 686 1955 731 2019; x_wconf 84' lang='lat' dir='ltr'>sd</span> <span class='ocrx_word' id='word_1_80' title='bbox 753 1956 852 2020; x_wconf 84' lang='lat' dir='ltr'>rimas</span> <span class='ocrx_word' id='word_1_81' title='bbox 875 1956 934 2019; x_wconf 86' lang='lat' dir='ltr'>lux</span> <span class='ocrx_word' id='word_1_82' title='bbox 957 1957 1131 2022; x_wconf 75' lang='lat' dir='ltr'>manifesta</span> <span class='ocrx_word' id='word_1_83' title='bbox 1153 1959 1230 2024; x_wconf 76' lang='lat' dir='ltr'>ruil.</span> 
     </span>
     <span class='ocr_line' id='line_1_12' title="bbox 403 2056 1228 2138; baseline -0.001 -14"><span class='ocrx_word' id='word_1_84' title='bbox 403 2067 422 2096; x_wconf 87' lang='lat'><strong>“</strong></span> <span class='ocrx_word' id='word_1_85' title='bbox 444 2059 522 2124; x_wconf 83' lang='lat' dir='ltr'>Jem</span> <span class='ocrx_word' id='word_1_86' title='bbox 545 2057 688 2122; x_wconf 84' lang='lat' dir='ltr'>Phoebus</span> <span class='ocrx_word' id='word_1_87' title='bbox 709 2056 817 2121; x_wconf 84' lang='lat' dir='ltr'>redies</span> <span class='ocrx_word' id='word_1_88' title='bbox 840 2061 914 2122; x_wconf 74' lang='lat' dir='ltr'>tolo</span> <span class='ocrx_word' id='word_1_89' title='bbox 937 2057 1117 2124; x_wconf 75' lang='lat' dir='ltr'>diffudersl</span> <span class='ocrx_word' id='word_1_90' title='bbox 1140 2059 1228 2138; x_wconf 89' lang='lat' dir='ltr'>orbe,</span> 
     </span>
     <span class='ocr_line' id='line_1_13' title="bbox 447 2158 1334 2246; baseline 0 -20"><span class='ocrx_word' id='word_1_91' title='bbox 447 2167 464 2197; x_wconf 91' lang='lat'><strong><em>“</em></strong></span> <span class='ocrx_word' id='word_1_92' title='bbox 486 2159 629 2245; x_wconf 83' lang='lat' dir='ltr'><strong>Jamque</strong></span> <span class='ocrx_word' id='word_1_93' title='bbox 651 2159 756 2224; x_wconf 87' lang='lat' dir='ltr'>bobus</span> <span class='ocrx_word' id='word_1_94' title='bbox 773 2158 901 2244; x_wconf 76' lang='lat' dir='ltr'>junctis</span> <span class='ocrx_word' id='word_1_95' title='bbox 923 2161 1033 2246; x_wconf 75' lang='lat' dir='ltr'>vergit</span> <span class='ocrx_word' id='word_1_96' title='bbox 1056 2164 1167 2225; x_wconf 77' lang='lat' dir='ltr'>arator</span> <span class='ocrx_word' id='word_1_97' title='bbox 1189 2161 1334 2226; x_wconf 87' lang='lat' dir='ltr'>humum.</span> 
     </span>
     <span class='ocr_line' id='line_1_14' title="bbox 403 2260 1326 2348; baseline -0.002 -20"><span class='ocrx_word' id='word_1_98' title='bbox 403 2270 421 2300; x_wconf 91' lang='lat'><strong>“</strong></span> <span class='ocrx_word' id='word_1_99' title='bbox 444 2261 633 2328; x_wconf 77' lang='lat' dir='ltr'>(lundulfus</span> <span class='ocrx_word' id='word_1_100' title='bbox 656 2281 799 2347; x_wconf 85' lang='lat' dir='ltr'>surgens,</span> <span class='ocrx_word' id='word_1_101' title='bbox 823 2266 858 2325; x_wconf 75' lang='lat' dir='ltr'>et</span> <span class='ocrx_word' id='word_1_102' title='bbox 880 2260 998 2346; x_wconf 79' lang='lat' dir='ltr'>palmis</span> <span class='ocrx_word' id='word_1_103' title='bbox 1020 2267 1153 2348; x_wconf 65' lang='lat' dir='ltr'>pectora</span> <span class='ocrx_word' id='word_1_104' title='bbox 1174 2263 1326 2342; x_wconf 74' lang='lat' dir='ltr'>tundens,</span> 
     </span>
     <span class='ocr_line' id='line_1_15' title="bbox 448 2361 1339 2442; baseline 0.002 -16"><span class='ocrx_word' id='word_1_105' title='bbox 448 2370 465 2399; x_wconf 89' lang='lat'><strong>“</strong></span> <span class='ocrx_word' id='word_1_106' title='bbox 488 2361 585 2442; x_wconf 73' lang='lat' dir='ltr'>‘En&#39;</span> <span class='ocrx_word' id='word_1_107' title='bbox 608 2361 666 2441; x_wconf 77' lang='lat' dir='ltr'>aie,</span> <span class='ocrx_word' id='word_1_108' title='bbox 689 2369 754 2426; x_wconf 90' lang='lat' dir='ltr'>‘en</span> <span class='ocrx_word' id='word_1_109' title='bbox 776 2361 909 2427; x_wconf 80' lang='lat' dir='ltr'>mallem</span> <span class='ocrx_word' id='word_1_110' title='bbox 932 2367 1083 2427; x_wconf 77' lang='lat' dir='ltr'>mortuus</span> <span class='ocrx_word' id='word_1_111' title='bbox 1107 2384 1175 2429; x_wconf 87' lang='lat' dir='ltr'>esse</span> <span class='ocrx_word' id='word_1_112' title='bbox 1199 2365 1297 2428; x_wconf 87' lang='lat' dir='ltr'>modo</span> <span class='ocrx_word' id='word_1_113' title='bbox 1312 2365 1339 2427; x_wconf 80' lang='lat'>1&#39;</span> 
     </span>
     <span class='ocr_line' id='line_1_16' title="bbox 401 2463 1326 2550; baseline -0.001 -20"><span class='ocrx_word' id='word_1_114' title='bbox 401 2475 420 2502; x_wconf 89' lang='lat'><strong>“</strong></span> <span class='ocrx_word' id='word_1_115' title='bbox 442 2465 488 2530; x_wconf 80' lang='lat' dir='ltr'>El</span> <span class='ocrx_word' id='word_1_116' title='bbox 509 2463 608 2528; x_wconf 90' lang='lat' dir='ltr'>nimis</span> <span class='ocrx_word' id='word_1_117' title='bbox 630 2463 820 2542; x_wconf 78' lang='lat' dir='ltr'>accelerans,</span> <span class='ocrx_word' id='word_1_118' title='bbox 844 2468 949 2528; x_wconf 74' lang='lat' dir='ltr'>struto</span> <span class='ocrx_word' id='word_1_119' title='bbox 972 2463 1140 2530; x_wconf 82' lang='lat' dir='ltr'>femoralis</span> <span class='ocrx_word' id='word_1_120' title='bbox 1163 2465 1326 2550; x_wconf 83' lang='lat' dir='ltr'>linquens,</span> 
     </span>
     <span class='ocr_line' id='line_1_17' title="bbox 447 2564 1351 2652; baseline 0.001 -22"><span class='ocrx_word' id='word_1_121' title='bbox 447 2573 464 2602; x_wconf 90' lang='lat'><strong>“</strong></span> <span class='ocrx_word' id='word_1_122' title='bbox 488 2565 645 2630; x_wconf 69' lang='lat' dir='ltr'>Protinus</span> <span class='ocrx_word' id='word_1_123' title='bbox 668 2565 711 2628; x_wconf 84' lang='lat' dir='ltr'>sd</span> <span class='ocrx_word' id='word_1_124' title='bbox 734 2564 903 2629; x_wconf 74' lang='lat' dir='ltr'>slebulum</span> <span class='ocrx_word' id='word_1_125' title='bbox 926 2570 1071 2630; x_wconf 75' lang='lat' dir='ltr'>sternere</span> <span class='ocrx_word' id='word_1_126' title='bbox 1095 2567 1200 2631; x_wconf 71' lang='lat' dir='ltr'>currit</span> <span class='ocrx_word' id='word_1_127' title='bbox 1223 2589 1351 2652; x_wconf 88' lang='lat' dir='ltr'>equum.</span> 
     </span>
     <span class='ocr_line' id='line_1_18' title="bbox 400 2663 1252 2732; baseline 0.001 -1"><span class='ocrx_word' id='word_1_128' title='bbox 400 2677 418 2704; x_wconf 90' lang='lat'><strong><em>“</em></strong></span> <span class='ocrx_word' id='word_1_129' title='bbox 441 2668 585 2732; x_wconf 84' lang='lat' dir='ltr'>Frenum</span> <span class='ocrx_word' id='word_1_130' title='bbox 607 2687 682 2730; x_wconf 87' lang='lat' dir='ltr'>eum</span> <span class='ocrx_word' id='word_1_131' title='bbox 705 2663 785 2730; x_wconf 82' lang='lat' dir='ltr'>sellu</span> <span class='ocrx_word' id='word_1_132' title='bbox 806 2669 975 2731; x_wconf 72' lang='lat' dir='ltr'>irenseels</span> <span class='ocrx_word' id='word_1_133' title='bbox 998 2671 1095 2732; x_wconf 78' lang='lat' dir='ltr'>noete</span> <span class='ocrx_word' id='word_1_134' title='bbox 1117 2666 1252 2732; x_wconf 79' lang='lat' dir='ltr'>bubulci</span> 
     </span>
     <span class='ocr_line' id='line_1_19' title="bbox 447 2766 1222 2844; baseline 0.006 -14"><span class='ocrx_word' id='word_1_135' title='bbox 447 2775 464 2803; x_wconf 90' lang='lat'><strong><em>“</em></strong></span> <span class='ocrx_word' id='word_1_136' title='bbox 487 2766 749 2844; x_wconf 76' lang='lat' dir='ltr'>Transtulerenl,</span> <span class='ocrx_word' id='word_1_137' title='bbox 773 2766 869 2831; x_wconf 79' lang='lat' dir='ltr'>solito</span> <span class='ocrx_word' id='word_1_138' title='bbox 893 2789 953 2832; x_wconf 90' lang='lat' dir='ltr'>nee</span> <span class='ocrx_word' id='word_1_139' title='bbox 975 2767 1041 2832; x_wconf 73' lang='lat' dir='ltr'>suit</span> <span class='ocrx_word' id='word_1_140' title='bbox 1063 2768 1121 2832; x_wconf 84' lang='lat' dir='ltr'>ille</span> <span class='ocrx_word' id='word_1_141' title='bbox 1142 2769 1222 2835; x_wconf 82' lang='lat' dir='ltr'>loco,</span> 
     </span>
     <span class='ocr_line' id='line_1_20' title="bbox 402 2864 1331 2956; baseline 0 -22"><span class='ocrx_word' id='word_1_142' title='bbox 402 2877 419 2905; x_wconf 89' lang='lat'><strong>“</strong></span> <span class='ocrx_word' id='word_1_143' title='bbox 443 2868 556 2934; x_wconf 73' lang='lat' dir='ltr'>Insilit</span> <span class='ocrx_word' id='word_1_144' title='bbox 578 2864 659 2932; x_wconf 76' lang='lat' dir='ltr'>ille¹</span> <span class='ocrx_word' id='word_1_145' title='bbox 680 2872 802 2947; x_wconf 79' lang='lat' dir='ltr'>tumen,</span> <span class='ocrx_word' id='word_1_146' title='bbox 826 2867 954 2932; x_wconf 85' lang='lat' dir='ltr'>frenum</span> <span class='ocrx_word' id='word_1_147' title='bbox 978 2869 1159 2934; x_wconf 78' lang='lat' dir='ltr'>redimente</span> <span class='ocrx_word' id='word_1_148' title='bbox 1181 2869 1331 2956; x_wconf 76' lang='lat' dir='ltr'>capistro,</span> 
     </span>
     <span class='ocr_line' id='line_1_21' title="bbox 446 2967 1267 3055; baseline 0.002 -21"><span class='ocrx_word' id='word_1_149' title='bbox 446 2977 464 3006; x_wconf 86' lang='lat'>“</span> <span class='ocrx_word' id='word_1_150' title='bbox 487 2969 559 3034; x_wconf 86' lang='lat' dir='ltr'>Nee</span> <span class='ocrx_word' id='word_1_151' title='bbox 580 2967 688 3034; x_wconf 73' lang='lat' dir='ltr'>redil¹</span> <span class='ocrx_word' id='word_1_152' title='bbox 709 2969 752 3033; x_wconf 82' lang='lat' dir='ltr'>ad</span> <span class='ocrx_word' id='word_1_153' title='bbox 775 2973 902 3054; x_wconf 80' lang='lat' dir='ltr'>petrem</span> <span class='ocrx_word' id='word_1_154' title='bbox 926 2968 1009 3055; x_wconf 86' lang='lat' dir='ltr'>qui⁸</span> <span class='ocrx_word' id='word_1_155' title='bbox 1030 2971 1204 3036; x_wconf 70' lang='lat' dir='ltr'>benedicet</span> <span class='ocrx_word' id='word_1_156' title='bbox 1227 2972 1267 3036; x_wconf 85' lang='lat' dir='ltr'>ei.</span> 
     </span>
     <span class='ocr_line' id='line_1_22' title="bbox 401 3067 1313 3151; baseline 0 -15"><span class='ocrx_word' id='word_1_157' title='bbox 401 3079 419 3108; x_wconf 89' lang='lat'><strong>“</strong></span> <span class='ocrx_word' id='word_1_158' title='bbox 443 3071 590 3136; x_wconf 70' lang='lat' dir='ltr'>Fortiter</span> <span class='ocrx_word' id='word_1_159' title='bbox 612 3067 735 3135; x_wconf 81' lang='lat' dir='ltr'>elisus⁹</span> <span class='ocrx_word' id='word_1_160' title='bbox 758 3091 856 3135; x_wconf 86' lang='lat' dir='ltr'>eursu</span> <span class='ocrx_word' id='word_1_161' title='bbox 879 3071 957 3135; x_wconf 88' lang='lat' dir='ltr'>dum</span> <span class='ocrx_word' id='word_1_162' title='bbox 983 3071 1166 3138; x_wconf 72' lang='lat' dir='ltr'>transvolat</span> <span class='ocrx_word' id='word_1_163' title='bbox 1188 3073 1313 3151; x_wconf 89' lang='lat' dir='ltr'>urbem,</span> 
     </span>
     <span class='ocr_line' id='line_1_23' title="bbox 446 3171 1295 3260; baseline -0.002 -21"><span class='ocrx_word' id='word_1_164' title='bbox 446 3180 463 3208; x_wconf 88' lang='lat'><strong>“</strong></span> <span class='ocrx_word' id='word_1_165' title='bbox 487 3172 621 3239; x_wconf 71' lang='lat' dir='ltr'>Corruit</span> <span class='ocrx_word' id='word_1_166' title='bbox 643 3172 679 3237; x_wconf 93' lang='lat' dir='ltr'>in</span> <span class='ocrx_word' id='word_1_167' title='bbox 701 3177 834 3253; x_wconf 77' lang='lat' dir='ltr'>terrum,</span> <span class='ocrx_word' id='word_1_168' title='bbox 857 3173 968 3260; x_wconf 80' lang='lat' dir='ltr'>largus</span> <span class='ocrx_word' id='word_1_169' title='bbox 979 3171 1006 3212; x_wconf 79' lang='lat'>¹⁰</span> <span class='ocrx_word' id='word_1_170' title='bbox 1028 3174 1161 3239; x_wconf 76' lang='lat' dir='ltr'>aberrat</span> <span class='ocrx_word' id='word_1_171' title='bbox 1184 3195 1295 3260; x_wconf 88' lang='lat' dir='ltr'>equus.</span> 
     </span>
     <span class='ocr_line' id='line_1_24' title="bbox 401 3273 1363 3362; baseline 0 -24"><span class='ocrx_word' id='word_1_172' title='bbox 401 3281 419 3310; x_wconf 90' lang='lat'><strong><em>“</em></strong></span> <span class='ocrx_word' id='word_1_173' title='bbox 442 3273 575 3338; x_wconf 73' lang='lat' dir='ltr'>Institit</span> <span class='ocrx_word' id='word_1_174' title='bbox 596 3294 673 3359; x_wconf 88' lang='lat' dir='ltr'>ergo</span> <span class='ocrx_word' id='word_1_175' title='bbox 696 3275 803 3360; x_wconf 90' lang='lat' dir='ltr'>pedes,</span> <span class='ocrx_word' id='word_1_176' title='bbox 827 3274 884 3339; x_wconf 87' lang='lat' dir='ltr'>sed</span> <span class='ocrx_word' id='word_1_177' title='bbox 907 3296 981 3340; x_wconf 89' lang='lat' dir='ltr'>eum</span> <span class='ocrx_word' id='word_1_178' title='bbox 1004 3276 1158 3362; x_wconf 72' lang='lat' dir='ltr'>pervenit</span> <span class='ocrx_word' id='word_1_179' title='bbox 1179 3275 1217 3340; x_wconf 92' lang='lat' dir='ltr'>in</span> <span class='ocrx_word' id='word_1_180' title='bbox 1238 3275 1363 3353; x_wconf 86' lang='lat' dir='ltr'>urbem,</span> 
     </span>
     <span class='ocr_line' id='line_1_25' title="bbox 444 3375 1120 3455; baseline 0.001 -14"><span class='ocrx_word' id='word_1_181' title='bbox 444 3383 462 3411; x_wconf 89' lang='lat'><strong>“</strong></span> <span class='ocrx_word' id='word_1_182' title='bbox 486 3375 667 3441; x_wconf 87' lang='lat' dir='ltr'>Ordinibus</span> <span class='ocrx_word' id='word_1_183' title='bbox 689 3376 793 3455; x_wconf 72' lang='lat' dir='ltr'>laetis,</span> <span class='ocrx_word' id='word_1_184' title='bbox 817 3376 919 3441; x_wconf 89' lang='lat' dir='ltr'>serior</span> <span class='ocrx_word' id='word_1_185' title='bbox 941 3375 1023 3440; x_wconf 85' lang='lat' dir='ltr'>hore.</span> <span class='ocrx_word' id='word_1_186' title='bbox 1046 3377 1120 3443; x_wconf 77' lang='lat' dir='ltr'>fuit.</span> 
     </span>
     <span class='ocr_line' id='line_1_26' title="bbox 400 3475 1204 3562; baseline 0 -20"><span class='ocrx_word' id='word_1_187' title='bbox 400 3483 418 3513; x_wconf 74' lang='lat'>‘¹</span> <span class='ocrx_word' id='word_1_188' title='bbox 442 3477 603 3542; x_wconf 88' lang='lat' dir='ltr'>Omnibus</span> <span class='ocrx_word' id='word_1_189' title='bbox 626 3475 766 3561; x_wconf 75' lang='lat' dir='ltr'>expletis</span> <span class='ocrx_word' id='word_1_190' title='bbox 789 3477 910 3562; x_wconf 82' lang='lat' dir='ltr'>praesul</span> <span class='ocrx_word' id='word_1_191' title='bbox 933 3482 1108 3542; x_wconf 72' lang='lat' dir='ltr'>secesserat</span> <span class='ocrx_word' id='word_1_192' title='bbox 1130 3477 1204 3557; x_wconf 82' lang='lat' dir='ltr'>aris,</span> 
     </span>
     <span class='ocr_line' id='line_1_27' title="bbox 446 3575 1286 3664; baseline 0.001 -23"><span class='ocrx_word' id='word_1_193' title='bbox 446 3584 463 3612; x_wconf 90' lang='lat'><strong>“</strong></span> <span class='ocrx_word' id='word_1_194' title='bbox 487 3577 557 3642; x_wconf 89' lang='lat' dir='ltr'>Nee</span> <span class='ocrx_word' id='word_1_195' title='bbox 579 3577 669 3642; x_wconf 88' lang='lat' dir='ltr'>loeus</span> <span class='ocrx_word' id='word_1_196' title='bbox 691 3577 857 3658; x_wconf 64' lang='lat' dir='ltr'>exedebat,</span> <span class='ocrx_word' id='word_1_197' title='bbox 880 3599 940 3642; x_wconf 88' lang='lat' dir='ltr'>nee</span> <span class='ocrx_word' id='word_1_198' title='bbox 963 3578 1029 3642; x_wconf 77' lang='lat' dir='ltr'>fuis</span> <span class='ocrx_word' id='word_1_199' title='bbox 1050 3579 1132 3642; x_wconf 84' lang='lat' dir='ltr'>hore</span> <span class='ocrx_word' id='word_1_200' title='bbox 1153 3575 1286 3664; x_wconf 79' lang='lat' dir='ltr'>super¹¹</span> 
     </span>
     <span class='ocr_line' id='line_1_28' title="bbox 399 3677 1358 3765; baseline -0.001 -21"><span class='ocrx_word' id='word_1_201' title='bbox 399 3686 416 3716; x_wconf 91' lang='lat'><strong>“</strong></span> <span class='ocrx_word' id='word_1_202' title='bbox 440 3679 552 3744; x_wconf 82' lang='lat' dir='ltr'>Lesbio</span> <span class='ocrx_word' id='word_1_203' title='bbox 574 3681 647 3742; x_wconf 79' lang='lat' dir='ltr'>tels.</span> <span class='ocrx_word' id='word_1_204' title='bbox 668 3677 734 3742; x_wconf 75' lang='lat' dir='ltr'>fuir</span> <span class='ocrx_word' id='word_1_205' title='bbox 756 3679 907 3764; x_wconf 78' lang='lat' dir='ltr'>perlecta,</span> <span class='ocrx_word' id='word_1_206' title='bbox 930 3679 1105 3765; x_wconf 87' lang='lat' dir='ltr'>legensque</span> <span class='ocrx_word' id='word_1_207' title='bbox 1130 3679 1204 3743; x_wconf 87' lang='lat' dir='ltr'>‘Tu</span> <span class='ocrx_word' id='word_1_208' title='bbox 1226 3678 1358 3760; x_wconf 76' lang='lat' dir='ltr'>aulem,’</span> 
     </span>
     <span class='ocr_line' id='line_1_29' title="bbox 445 3778 1266 3865; baseline 0 -22"><span class='ocrx_word' id='word_1_209' title='bbox 445 3787 462 3816; x_wconf 91' lang='lat'>“</span> <span class='ocrx_word' id='word_1_210' title='bbox 485 3779 635 3858; x_wconf 70' lang='lat' dir='ltr'>Dixerat,</span> <span class='ocrx_word' id='word_1_211' title='bbox 659 3785 693 3844; x_wconf 79' lang='lat' dir='ltr'>el</span> <span class='ocrx_word' id='word_1_212' title='bbox 714 3778 809 3865; x_wconf 89' lang='lat' dir='ltr'>pueri</span> <span class='ocrx_word' id='word_1_213' title='bbox 831 3800 898 3844; x_wconf 88' lang='lat' dir='ltr'>vox</span> <span class='ocrx_word' id='word_1_214' title='bbox 921 3785 1093 3844; x_wconf 66' lang='lat' dir='ltr'>resonares</span> <span class='ocrx_word' id='word_1_215' title='bbox 1116 3779 1266 3845; x_wconf 87' lang='lat' dir='ltr'>‘Amen&#39;</span> 
     </span>
    </p>
   </div>
   <div class='ocr_carea' id='block_1_3' title="bbox 399 3879 1394 4066">
    <p class='ocr_par' dir='ltr' id='par_1_3' title="bbox 399 3879 1394 4066">
     <span class='ocr_line' id='line_1_30' title="bbox 399 3879 1394 3961; baseline 0 -15"><span class='ocrx_word' id='word_1_216' title='bbox 399 3888 417 3916; x_wconf 91' lang='lat'><strong>“</strong></span> <span class='ocrx_word' id='word_1_217' title='bbox 441 3881 531 3961; x_wconf 81' lang='lat' dir='ltr'>Quid</span> <span class='ocrx_word' id='word_1_218' title='bbox 553 3879 672 3945; x_wconf 70' lang='lat' dir='ltr'>feceret</span> <span class='ocrx_word' id='word_1_219' title='bbox 696 3879 884 3944; x_wconf 88' lang='lat' dir='ltr'>Gundulfus</span> <span class='ocrx_word' id='word_1_220' title='bbox 907 3880 949 3946; x_wconf 86' lang='lat' dir='ltr'>ad</span> <span class='ocrx_word' id='word_1_221' title='bbox 972 3879 1080 3960; x_wconf 80' lang='lat' dir='ltr'>haee,¹¹</span> <span class='ocrx_word' id='word_1_222' title='bbox 1102 3881 1265 3946; x_wconf 81' lang='lat' dir='ltr'>medicine</span> <span class='ocrx_word' id='word_1_223' title='bbox 1287 3881 1394 3947; x_wconf 91' lang='lat' dir='ltr'>dolori</span> 
     </span>
     <span class='ocr_line' id='line_1_31' title="bbox 444 3978 1247 4066; baseline 0.001 -20"><span class='ocrx_word' id='word_1_224' title='bbox 444 3989 461 4017; x_wconf 87' lang='lat'><strong>“</strong></span> <span class='ocrx_word' id='word_1_225' title='bbox 485 3981 646 4047; x_wconf 74' lang='lat' dir='ltr'>Restebeb</span> <span class='ocrx_word' id='word_1_226' title='bbox 667 3981 759 4045; x_wconf 79' lang='lat' dir='ltr'>nulle</span> <span class='ocrx_word' id='word_1_227' title='bbox 781 3978 917 4066; x_wconf 80' lang='lat' dir='ltr'>quum¹8</span> <span class='ocrx_word' id='word_1_228' title='bbox 939 4003 1084 4046; x_wconf 77' lang='lat' dir='ltr'>remeare</span> <span class='ocrx_word' id='word_1_229' title='bbox 1106 3982 1247 4047; x_wconf 82' lang='lat' dir='ltr'>domurn</span> 
     </span>
    </p>
   </div>
   <div class='ocr_carea' id='block_1_4' title="bbox 396 4202 1448 4815">
    <p class='ocr_par' dir='ltr' id='par_1_4' title="bbox 396 4202 1448 4815">
     <span class='ocr_line' id='line_1_32' title="bbox 431 4202 1098 4266; baseline -0.001 -11"><span class='ocrx_word' id='word_1_230' title='bbox 431 4203 507 4256; x_wconf 75' lang='grc' dir='ltr'>1Νεσ</span> <span class='ocrx_word' id='word_1_231' title='bbox 518 4203 558 4266; x_wconf 80' lang='lat' dir='ltr'>ab,</span> <span class='ocrx_word' id='word_1_232' title='bbox 569 4203 600 4255; x_wconf 93' lang='lat' dir='ltr'>P.</span> <span class='ocrx_word' id='word_1_233' title='bbox 979 4202 1056 4266; x_wconf 79' lang='lat' dir='ltr'>⁸quo,</span> <span class='ocrx_word' id='word_1_234' title='bbox 1067 4203 1098 4254; x_wconf 93' lang='lat' dir='ltr'>B.</span> 
     </span>
     <span class='ocr_line' id='line_1_33' title="bbox 430 4281 1132 4344; baseline -0.003 -12"><span class='ocrx_word' id='word_1_235' title='bbox 430 4283 479 4332; x_wconf 76' lang='lat' dir='ltr'>²in</span> <span class='ocrx_word' id='word_1_236' title='bbox 489 4298 580 4344; x_wconf 69' lang='lat' dir='ltr'>auum,</span> <span class='ocrx_word' id='word_1_237' title='bbox 591 4281 622 4332; x_wconf 89' lang='lat' dir='ltr'>P.</span> <span class='ocrx_word' id='word_1_238' title='bbox 979 4281 989 4313; x_wconf 82' lang='lat'>¹</span> <span class='ocrx_word' id='word_1_239' title='bbox 1001 4281 1091 4342; x_wconf 81' lang='lat' dir='ltr'>elisum,</span> <span class='ocrx_word' id='word_1_240' title='bbox 1102 4282 1132 4331; x_wconf 93' lang='lat' dir='ltr'>B.</span> 
     </span>
     <span class='ocr_line' id='line_1_34' title="bbox 429 4358 1147 4428; baseline -0.003 -16"><span class='ocrx_word' id='word_1_241' title='bbox 429 4363 441 4397; x_wconf 84' lang='lat'><strong>³</strong></span> <span class='ocrx_word' id='word_1_242' title='bbox 447 4369 555 4428; x_wconf 75' lang='lat' dir='ltr'>poterat,</span> <span class='ocrx_word' id='word_1_243' title='bbox 565 4361 596 4412; x_wconf 92' lang='lat' dir='ltr'>P.</span> <span class='ocrx_word' id='word_1_244' title='bbox 979 4358 999 4391; x_wconf 86' lang='lat'>¹⁰</span> <span class='ocrx_word' id='word_1_245' title='bbox 1011 4358 1105 4424; x_wconf 82' lang='lat' dir='ltr'>lapsus,</span> <span class='ocrx_word' id='word_1_246' title='bbox 1116 4361 1147 4410; x_wconf 93' lang='lat' dir='ltr'>B.</span> 
     </span>
     <span class='ocr_line' id='line_1_35' title="bbox 429 4436 1448 4502; baseline -0.002 -10"><span class='ocrx_word' id='word_1_247' title='bbox 429 4441 571 4502; x_wconf 55' lang='lat' dir='ltr'>*mersare</span> <span class='ocrx_word' id='word_1_248' title='bbox 582 4439 617 4490; x_wconf 78' lang='lat' dir='ltr'>A.</span> <span class='ocrx_word' id='word_1_249' title='bbox 628 4439 659 4490; x_wconf 93' lang='lat' dir='ltr'>B.</span> <span class='ocrx_word' id='word_1_250' title='bbox 978 4436 995 4469; x_wconf 93' lang='lat'>¹¹</span> <span class='ocrx_word' id='word_1_251' title='bbox 1008 4437 1092 4489; x_wconf 83' lang='lat' dir='ltr'>These</span> <span class='ocrx_word' id='word_1_252' title='bbox 1102 4445 1152 4489; x_wconf 79' lang='lat' dir='ltr'>two</span> <span class='ocrx_word' id='word_1_253' title='bbox 1167 4437 1232 4488; x_wconf 85' lang='lat' dir='ltr'>lines</span> <span class='ocrx_word' id='word_1_254' title='bbox 1248 4451 1291 4489; x_wconf 80' lang='lat' dir='ltr'>ere</span> <span class='ocrx_word' id='word_1_255' title='bbox 1302 4437 1408 4490; x_wconf 77' lang='lat' dir='ltr'>omitted</span> <span class='ocrx_word' id='word_1_256' title='bbox 1420 4439 1448 4490; x_wconf 90' lang='lat' dir='ltr'>iu</span> 
     </span>
     <span class='ocr_line' id='line_1_36' title="bbox 430 4514 974 4584; baseline -0.006 -15"><span class='ocrx_word' id='word_1_257' title='bbox 430 4519 440 4552; x_wconf 82' lang='lat'>¹</span> <span class='ocrx_word' id='word_1_258' title='bbox 455 4519 506 4579; x_wconf 74' lang='lat' dir='ltr'>Qui</span> <span class='ocrx_word' id='word_1_259' title='bbox 511 4520 582 4584; x_wconf 78' lang='lat' dir='ltr'>jacet</span> <span class='ocrx_word' id='word_1_260' title='bbox 593 4517 632 4568; x_wconf 79' lang='lat' dir='ltr'>ille</span> <span class='ocrx_word' id='word_1_261' title='bbox 642 4515 719 4578; x_wconf 80' lang='lat' dir='ltr'>bibat,</span> <span class='ocrx_word' id='word_1_262' title='bbox 730 4517 773 4581; x_wconf 80' lang='lat' dir='ltr'>qui</span> <span class='ocrx_word' id='word_1_263' title='bbox 784 4514 845 4566; x_wconf 78' lang='lat' dir='ltr'>bibit</span> <span class='ocrx_word' id='word_1_264' title='bbox 861 4515 900 4566; x_wconf 70' lang='lat' dir='ltr'>ille</span> <span class='ocrx_word' id='word_1_265' title='bbox 944 4515 974 4566; x_wconf 88' lang='lat' dir='ltr'>P.</span> 
     </span>
     <span class='ocr_line' id='line_1_37' title="bbox 396 4593 1102 4659; baseline -0.006 -12"><span class='ocrx_word' id='word_1_266' title='bbox 396 4597 457 4659; x_wconf 79' lang='lat' dir='ltr'>luat,</span> <span class='ocrx_word' id='word_1_267' title='bbox 468 4598 499 4647; x_wconf 92' lang='lat' dir='ltr'>B.</span> <span class='ocrx_word' id='word_1_268' title='bbox 978 4593 998 4626; x_wconf 77' lang='lat'>¹¹</span> <span class='ocrx_word' id='word_1_269' title='bbox 1009 4593 1060 4655; x_wconf 81' lang='lat' dir='ltr'>doc,</span> <span class='ocrx_word' id='word_1_270' title='bbox 1072 4593 1102 4644; x_wconf 91' lang='lat' dir='ltr'>P.</span> 
     </span>
     <span class='ocr_line' id='line_1_38' title="bbox 430 4671 1333 4736; baseline 0 -12"><span class='ocrx_word' id='word_1_271' title='bbox 430 4675 515 4736; x_wconf 74' lang='lat' dir='ltr'>¹iude,</span> <span class='ocrx_word' id='word_1_272' title='bbox 527 4675 557 4724; x_wconf 93' lang='lat' dir='ltr'>P.</span> <span class='ocrx_word' id='word_1_273' title='bbox 978 4671 997 4704; x_wconf 82' lang='lat'>¹³</span> <span class='ocrx_word' id='word_1_274' title='bbox 1009 4674 1079 4722; x_wconf 79' lang='lat' dir='ltr'>vinea</span> <span class='ocrx_word' id='word_1_275' title='bbox 1090 4671 1200 4722; x_wconf 79' lang='lat' dir='ltr'>restabat</span> <span class='ocrx_word' id='word_1_276' title='bbox 1210 4689 1291 4736; x_wconf 82' lang='lat' dir='ltr'>quam,</span> <span class='ocrx_word' id='word_1_277' title='bbox 1303 4674 1333 4724; x_wconf 88' lang='lat' dir='ltr'>B.</span> 
     </span>
     <span class='ocr_line' id='line_1_39' title="bbox 430 4751 784 4815; baseline 0 -11"><span class='ocrx_word' id='word_1_278' title='bbox 430 4753 521 4815; x_wconf 59' lang='lat' dir='ltr'>&#39;sedin</span> <span class='ocrx_word' id='word_1_279' title='bbox 532 4754 562 4804; x_wconf 90' lang='lat' dir='ltr'>P.</span> <span class='ocrx_word' id='word_1_280' title='bbox 596 4751 653 4803; x_wconf 84' lang='lat' dir='ltr'>Hor</span> <span class='ocrx_word' id='word_1_281' title='bbox 664 4753 744 4814; x_wconf 75' lang='lat' dir='ltr'>rediit,</span> <span class='ocrx_word' id='word_1_282' title='bbox 756 4753 784 4804; x_wconf 89' lang='lat' dir='ltr'>C.</span> 
     </span>
    </p>
   </div>
   <div class='ocr_carea' id='block_1_5' title="bbox 0 0 1760 5842">
    <p class='ocr_par' dir='ltr' id='par_1_5' title="bbox 0 0 1760 5842">
     <span class='ocr_line' id='line_1_40' title="bbox 0 0 1760 5842; baseline 0 3"><span class='ocrx_word' id='word_1_283' title='bbox 0 0 1760 5842; x_wconf 95' lang='lat' dir='ltr'> </span> 
     </span>
    </p>
   </div>
  </div>
 </body>
</html>
