3512 5842
554 896 695 946 uiuam
718 897 900 949 sancuuuu
924 899 1139 950 STULTORUM.
1329 892 1370 956 69

324 1077 341 1104 “
365 1070 452 1136 Natu
475 1073 627 1139 miranda
649 1074 756 1139 solent
778 1075 884 1160 magis
906 1075 958 1138 his
982 1075 1171 1160 contingere
1194 1073 1325 1153 munda,

367 1179 385 1207 “
409 1173 516 1254 Quam
538 1175 620 1240 mihi
643 1177 817 1262 contingat
839 1177 1027 1264 pontificale
1051 1177 1155 1242 decus.

323 1282 340 1309 “
364 1275 458 1341 Etsi
482 1279 654 1365 contingat
675 1301 728 1344 me
751 1279 994 1367 pontificalibus
1016 1280 1077 1360 uti,

367 1383 384 1410 ‘⁶
408 1376 481 1457 Quo
503 1381 628 1466 poterit
650 1381 768 1467 capitis
790 1381 891 1446 mitra
912 1382 1022 1448 sedere
1045 1382 1136 1448 lacot

322 1486 339 1513 ‘⁴
363 1480 510 1547 Auribus
532 1483 657 1562 erectis,
681 1480 762 1549 eeu¹
787 1506 859 1549 mos
882 1491 933 1550 est
955 1484 1162 1571 pontificalis,

366 1589 384 1616 ‘⁴
407 1581 529 1649 Nullus
551 1586 616 1651 erit
638 1586 747 1653 mitrae
772 1587 812 1652 de
834 1587 963 1652 ratione
985 1585 1082 1653 laeua

323 1690 340 1716 ‘⁸
365 1683 517 1752 Praesulis
539 1687 575 1752 in
598 1689 697 1754 mitra
720 1711 787 1754 non
809 1695 861 1754 est
883 1710 944 1754 sua
965 1693 1037 1755 tota
1060 1694 1212 1776 potestas,

367 1793 384 1821 ‘⁶
409 1787 568 1868 Quamvis
591 1789 690 1856 officii
712 1791 807 1878 signa
829 1795 958 1856 saerata
979 1798 1080 1876 gerat.

322 1895 339 1922 “
363 1887 457 1954 Inter
480 1913 533 1956 eos
555 1891 661 1979 igitur
682 1915 749 1958 non
771 1899 822 1958 est
844 1892 996 1958 diseretio
1019 1891 1151 1971 mitras,²

367 1998 384 2026 ‘⁸
408 1991 516 2058 Immo
539 1994 714 2080 potestatis
736 2016 810 2080 quae
833 1994 1013 2060 comitatur
1035 2016 1116 2062 eain.

321 2099 338 2126 ‘⁴
363 2091 465 2158 Mitra
487 2101 586 2181 eaput
608 2100 757 2160 nostrum
780 2095 851 2160 sine
874 2117 1009 2162 munere
1032 2095 1214 2182 pontificali

367 2201 384 2228 “
408 2193 511 2262 Nulla
533 2197 715 2276 deaurabit,
738 2196 920 2262 auxiliante
944 2198 1026 2264 Deo.

323 2301 341 2330 ‘¹
366 2297 468 2362 Mitra
483 2295 568 2363 nea³
589 2299 744 2364 ascendet
759 2303 858 2385 eaput
876 2299 948 2377 hoe,
964 2320 1071 2384 neque
1094 2319 1216 2364 cornua
1238 2319 1374 2378 sumam,

369 2405 386 2432 ‘⁴
411 2399 530 2466 Sinon
553 2399 685 2465 affuerit
707 2401 795 2486 quod
817 2400 901 2466 solet
923 2400 1000 2466 inde
1023 2401 1122 2486 sequi.

324 2506 342 2534 “
366 2502 494 2567 Caetera
520 2523 593 2566 aum
617 2502 727 2567 desint
750 2524 824 2588 quae
846 2507 926 2567 sunt
948 2502 1143 2568 comitantia
1165 2503 1283 2580 mitrae,

369 2608 386 2636 “
410 2601 500 2682 Quid
518 2603 618 2687 juvat
641 2603 702 2669 hae
724 2603 829 2669 sterili
852 2604 1041 2670 conditione
1063 2605 1154 2669 fruit

323 2709 341 2736 “
364 2703 486 2766 Plenus
508 2704 629 2789 praesul
653 2725 718 2784 ero,
742 2706 820 2790 quia
843 2706 1089 2792 pontificalibus
1113 2708 1165 2771 uti

368 2809 385 2837 “
409 2803 496 2869 Nolo
520 2806 614 2870 velut
637 2807 752 2896 mulus
777 2807 833 2872 sed
858 2808 932 2872 volo
955 2807 1041 2872 sicut
1064 2829 1173 2894 equus.

323 2911 340 2940 “
363 2905 518 2972 Annulus
540 2907 671 2974 abbatis
695 2913 729 2974 et
751 2907 873 2974 mitra⁴
895 2909 1072 2996 sophistica
1095 2930 1220 2994 semper

368 3014 385 3041 ‘¹
410 3007 487 3073 Sit⁵
509 3009 621 3095 procul
644 3033 665 3075 a
687 3011 792 3090 nobis,
816 3016 851 3076 et
874 3011 972 3077 decus
995 3011 1118 3097 absque
1143 3010 1238 3076 Deo!

323 3115 341 3145 “
364 3109 535 3177 Abbatum
558 3112 687 3178 steriles
710 3112 834 3192 mitras,
859 3135 940 3199 quas
963 3113 1056 3178 nulla
1078 3117 1261 3198 sequuntur

368 3219 385 3247 “
410 3212 607 3280 Chrismatis
631 3215 745 3296 officia,
769 3237 836 3281 non
859 3215 970 3302 probo,
994 3214 1127 3300 sintque
1150 3215 1269 3300 procul.
1391 3243 1409 3278 x

324 3323 342 3351 “
366 3316 510 3404 (dignere
533 3338 608 3383 aum
631 3323 782 3404 nequeat,
806 3339 865 3382 sua
887 3317 934 3382 sie
955 3316 1117 3404 genitalia
1138 3313 1270 3404 gestat⁶

370 3425 388 3454 ‘⁸
412 3419 532 3498 Malus,
557 3425 592 3485 et
615 3425 666 3485 est
688 3419 810 3485 sterilis
833 3424 964 3506 tempus
987 3419 1023 3483 in
1046 3441 1142 3484 omne
1165 3440 1268 3484 suum.

324 3529 342 3558 “
366 3521 449 3588 Ouia
473 3545 542 3588 rem
565 3545 633 3588 non
656 3522 810 3602 habeant,
835 3544 895 3587 sua
917 3522 965 3587 sie
987 3521 1133 3608 insignia
1157 3527 1277 3610 portan

370 3631 387 3658 ‘⁴
413 3624 470 3704 Hi,
494 3625 551 3710 qui
575 3646 697 3689 nomen
720 3622 855 3702 habent,
880 3623 1050 3710 officioque
1073 3629 1193 3689 carent

323 3734 340 3762 “
365 3725 464 3792 Absit
487 3732 526 3791 ut
548 3723 745 3805 aseendam,⁸
768 3725 821 3790 vel
845 3726 927 3790 talia
949 3747 1073 3792 cornua
1095 3749 1234 3807 suanam,

368 3835 385 3862 “
411 3827 531 3910 Qualia
553 3832 766 3915 sumpseiunt
788 3827 845 3893 ille
868 3827 922 3893 vel
945 3828 1001 3893 ille
1023 3828 1094 3894 sibi
1270 3826 1275 3836 “

322 3939 339 4008 ‘.‘
366 3933 499 4018 Integer
521 3935 556 3996 et
578 3932 674 4018 plene
697 3935 789 3996 tatus
812 3931 888 3998 volo
913 3931 1110 4017 pontificari,

368 4042 385 4068 “
414 4034 461 4100 Ut
483 4055 550 4098 non
572 4031 639 4098 sit⁰
661 4034 732 4098 aine
754 4055 789 4098 re
812 4055 933 4098 nomen
956 4032 1077 4098 habere
1099 4032 1154 4097 rei.

324 4145 341 4171 “
365 4137 497 4201 Nomen
521 4135 645 4201 liabent
668 4137 796 4201 sinere
819 4137 878 4222 qui
901 4135 947 4200 uic
970 4135 1034 4200 sibi
1057 4157 1180 4200 cornua
1202 4141 1350 4215 sumunt,

369 4245 387 4272 “
412 4239 458 4302 Et
481 4237 566 4302 nihil
589 4237 731 4303 ulterius
754 4237 942 4303 exhibuisse
966 4237 1088 4302 valent.

521 4395 864 4403 ........-....--....-..-..—
893 4397 951 4402 μ...
988 4385 1111 4402 .,..-...--Ι
1148 4395 1152 4401 .
1178 4397 1182 4400 .
1204 4393 1371 4402 ..κ-*μ-

357 4484 469 4545 ¹seu,B.
847 4489 850 4501 '
903 4481 985 4542 ⁵804,
998 4482 1026 4532 P.

356 4563 449 4613 Mater
460 4578 499 4612 ees
515 4577 570 4628 erqo
587 4577 632 4612 uem
651 4571 687 4612 es!
703 4561 826 4612 distinctio
847 4563 850 4617 1
904 4560 1003 4610 ⁶iaidau
1018 4559 1113 4622 Gestat,
1125 4563 1155 4612 B.

324 4645 409 4702 milret,
423 4643 451 4693 P.
848 4622 850 4641 Ι
904 4639 1028 4705 ²9eseane‚
1042 4641 1072 4688 l'.

356 4720 462 4771 ³Mitra
475 4721 571 4781 aaa,l’.
848 4746 851 4785 1
903 4719 1053 4778 ⁸ostendam,
1065 4720 1092 4768 P.

356 4799 466 4850 ⁴Muiua
477 4807 500 4851 et
511 4798 608 4848 abbatis
619 4801 699 4861 mitra,
714 4801 741 4849 1¹.
849 4798 852 4841 Ι
904 4797 965 4847 ⁹Et
977 4815 1023 4848 aon
1034 4799 1143 4861 sicsine,
1155 4801 1186 4850 B.
