3584 5798
460 866 502 926 18
563 875 743 926 slrrarcln
765 877 869 942 Porus
892 877 936 925 or
958 877 1028 925 run
1050 879 1213 926 rwanrrn
1234 879 1406 928 orarum.

489 1117 657 1187 Narratio
679 1117 819 1188 Goltoaa'
839 1125 881 1187 at
902 1125 1024 1186 revocet
1039 1117 1184 1186 amam
1206 1141 1230 1186 a
1250 1119 1400 1188 owltttio
1414 1142 1487 1188 asta.

461 1273 480 1302 “
502 1267 558 1331 An
580 1268 683 1332 neseis
705 1267 813 1332 vaoois
835 1265 941 1352 quid¹
966 1265 1109 1353 contigit
1132 1287 1205 1332 eooe
1226 1267 1363 1347 duabus,

507 1374 524 1403 “
549 1368 638 1448 Quas
660 1390 742 1455 puer
765 1368 879 1454 aspexi
900 1368 1005 1454 patris
1028 1368 1065 1432 in
1087 1367 1158 1433 aede
1180 1367 1273 1433 mail

461 1475 478 1504 ‘⁶
501 1470 617 1536 Altera
639 1467 826 1536 Brunetta²
847 1469 922 1547 fuit,
946 1470 1050 1536 altera
1073 1469 1162 1535 dieta
1184 1469 1344 1550 Bioornis‚

505 1572 610 1638 “Sed
635 1573 728 1659 nigra
752 1569 942 1653 Brrmetta²
963 1572 1054 1637 flava
1076 1572 1227 1637 Bioornis
1252 1576 1330 1636 erat.

462 1683 480 1710 “
502 1674 653 1762 Contigit
675 1675 735 1740 has
756 1675 862 1762 igitur
884 1674 1021 1739 hiemali
1043 1679 1192 1761 tempore
1215 1674 1359 1760 quodam

506 1783 525 1812 “
548 1777 656 1842 Noete
677 1776 862 1842 retardatas
883 1798 952 1841 non
974 1776 1108 1841 rediisse
1131 1775 1275 1842 domum.

460 1885 478 1912 “
501 1877 563 1942 Per
584 1879 672 1943 vada
692 1878 893 1953 transibant,
916 1878 1035 1943 limosa
1057 1877 1194 1964 lutoque
1215 1878 1350 1964 repleta,

506 1984 524 2014 “
547 1978 672 2045 Pascua
694 2001 768 2044 oum
791 1983 940 2066 peterent
963 1979 1131 2044 cotidiana
1153 1978 1218 2044 sibi
1230 2004 1239 2059 ;

461 2086 480 2116 “
503 2079 619 2166 thue
642 2081 750 2146 solent
772 2102 889 2161 vaooae,
912 2080 1026 2146 caudis
1048 2081 1090 2146 de
1111 2101 1202 2146 mors
1223 2079 1348 2158 lutosis,

506 2189 526 2219 “
549 2181 593 2246 In
615 2183 720 2269 pratis
741 2183 841 2248 luteis
864 2181 1089 2248 oonoubuere³
1111 2183 1201 2248 toris.

460 2292 477 2319 ‘⁸
502 2283 609 2349 Noote
630 2284 707 2372 gelu
729 2284 878 2350 subitum
901 2285 1046 2363 veniens,
1068 2289 1256 2370 terramque
1278 2281 1480 2370 perurgens,⁴

507 2393 525 2421 “
547 2386 700 2452 Contulit
720 2387 758 2452 in
780 2386 922 2452 solidum
946 2387 1060 2452 mollis
1081 2392 1202 2452 ounota
1223 2385 1336 2473 prius.⁵

462 2493 479 2523 “
502 2485 651 2554 Duruit⁶
673 2488 708 2552 in
731 2487 873 2573 lapidem
899 2488 1057 2574 quioquid
1079 2487 1147 2554 fuit
1169 2492 1248 2554 ante
1270 2488 1435 2567 lutosum;

505 2597 523 2626 “
546 2590 680 2677 Stagna,
702 2590 800 2668 horus,
824 2590 943 2669 fontes,
966 2591 1140 2656 marmoris
1162 2591 1270 2655 instar
1294 2595 1396 2656 erant.

459 2700 475 2726 “
500 2690 590 2771 Quas
612 2692 705 2758 fovet
727 2692 862 2758 innatas
883 2692 968 2778 ligat
991 2693 1114 2758 arctius
1136 2693 1251 2758 alveus
1273 2693 1389 2772 undas,

506 2801 527 2831 “
550 2795 620 2859 Neo
642 2793 724 2858 sinit
746 2793 833 2858 elabi
855 2793 993 2859 flumina
1015 2816 1105 2860 more
1128 2817 1197 2860 suo.

461 2903 478 2930 “
500 2895 565 2960 'lot
585 2898 703 2981 pontes
727 2901 808 2980 quot
830 2918 935 2982 aquae,
957 2896 1041 2961 libor
1063 2918 1122 2962 neo
1144 2903 1184 2962 ut
1206 2902 1285 2962 ante
1307 2893 1473 2984 negatur⁷

507 3003 525 3032 “
548 2996 731 3077 Transitua
755 3003 805 3062 est
827 3019 885 3083 per
907 3019 1010 3084 aquas
1032 3020 1099 3084 qua
1121 2999 1178 3064 via
1200 2999 1300 3085 plana
1321 2996 1450 3086 plaeet⁸

462 3107 479 3134 “
503 3098 682 3164 Haeserunt
704 3103 801 3165 terrae
824 3100 927 3164 oauda
949 3099 1117 3166 mediante
1135 3099 1296 3184 juvenoae,

506 3207 525 3238 “
547 3201 681 3267 Arotius
705 3199 890 3288 astringit⁹
912 3205 1002 3268 terra
1023 3203 1132 3268 lutosa
1154 3202 1272 3268 lutum.

462 3309 481 3340 “
504 3303 662 3390 Undique
685 3306 774 3369 terra
794 3303 891 3390 riget,
914 3304 1035 3368 caudas
1056 3304 1223 3370 retinente
1245 3304 1361 3390 rigore,

505 3413 528 3445 “
550 3405 690 3493 Surgere
710 3427 779 3470 non
800 3410 956 3492 poterant
977 3428 1038 3471 neo
1059 3427 1203 3472 remeare
1225 3405 1367 3471 domum.

461 3513 479 3544 “
501 3507 602 3572 Mane
624 3511 811 3572 revertente
833 3507 958 3593 pariter
979 3508 1112 3572 voluere
1133 3507 1263 3586 reverti,

505 3617 523 3644 “
545 3608 612 3674 Sed
633 3607 788 3694 prohibet
810 3608 930 3694 glaries
952 3609 1183 3697 conglutinata
1205 3609 1281 3675 solo.

459 3715 478 3745 “
500 3709 648 3775 Plurima
670 3713 804 3788 oonatae,
828 3731 920 3796 spem
943 3709 1150 3777 defmstante
1172 3709 1293 3792 labore,

505 3819 522 3848 “
545 3811 691 3877 Tandem
714 3813 853 3877 lassatas
875 3813 1065 3880 eontinuere
1087 3835 1215 3879 manus.

460 3921 483 3953 “
505 3913 614 3979 Multa
634 3919 748 3979 tamen
771 3914 917 4000 querulae
939 3915 1106 4002 tacitoque
1129 3915 1240 3980 dolore
1261 3917 1431 4002 gementes

507 4023 526 4052 “
547 4017 726 4082 Attentare
747 4015 883 4082 student
907 4023 942 4082 et
964 4019 1092 4084 variare
1113 4019 1209 4082 vices

461 4125 480 4156 “
502 4118 568 4185 Sed
590 4118 676 4182 nihil
698 4123 749 4184 est
771 4119 861 4205 quod
883 4125 999 4207 agunt,
1022 4119 1158 4207 propria
1179 4120 1307 4185 virtute
1328 4117 1449 4184 resolvi

506 4230 527 4259 “
549 4223 628 4288 Non
649 4223 730 4288 sinit
753 4223 882 4308 objecta
904 4224 957 4288 vis
978 4224 1127 4290 violenta
1149 4223 1221 4290 sibi.

496 4463 627 4528 wear.
984 4471 988 4609 ι
1040 4461 1161 4524 roras,
1172 4461 1202 4512 P.

495 4541 506 4574 ²
517 4542 641 4605 Bruma,
651 4541 681 4591 Β.
1040 4566 1050 4602 7
1061 4573 1171 4631 mm,
1181 4567 1211 4616 B·

495 4619 672 4731 :pmbm’
683 4620 713 4669 B'
1041 4670 1052 4700 ⁸
1060 4669 1139 4733 plana
1147 4671 1223 4734 prius
1240 4669 1273 4720 B.

516 4715 641 4765 perarma,
652 4699 681 4748 P.
1223 4707 1231 4732 ’

495 4779 506 4812 ⁵
516 4778 616 4828 solidam
627 4777 749 4842 quodfio't
759 4785 816 4826 aare
827 4775 910 4836 Iutta,
921 4775 952 4825 B.
1042 4775 1052 4805 ⁹
1064 4775 1190 4834 mainis,
1201 4774 1232 4823 B.
