3524 5802
399 825 442 890 di
498 837 679 890 ssrlulcnn
702 837 806 888 POETS
830 839 873 888 OF
897 840 967 889 THE
991 839 1157 889 rwnnrrfl
1180 840 1349 894 CENTURY.

326 1099 329 1108 .
402 1017 420 1048 “
443 1010 521 1078 Non
544 1013 608 1078 erit
629 1013 768 1078 ulterius
791 1012 916 1100 quaevis
937 1013 1117 1080 metuende
1139 1017 1295 1100 potestus,

445 1121 463 1150 “
486 1113 553 1180 Sed
575 1115 663 1201 quod
689 1113 831 1199 cuique¹
853 1114 937 1180 libet
954 1115 1031 1201 jure
1053 1114 1167 1180 licebit
1190 1115 1228 1180 ei.

402 1222 420 1251 “
443 1215 486 1281 In
508 1217 678 1282 dominum
700 1221 850 1281 nostrum
869 1238 993 1304 papam
1017 1216 1219 1302 dedecusque
1241 1216 1414 1298 redundat,

448 1325 465 1352 “
488 1318 617 1384 Oaesera
638 1319 784 1384 sustineo
807 1318 945 1383 vulnera
967 1319 1055 1384 solus
1078 1339 1146 1406 ego.

402 1425 421 1456 “
443 1421 610 1488 Damnum
633 1441 818 1486 marcarum
840 1421 1015 1507 plusquam
1039 1421 1106 1486 duo
1129 1420 1234 1485 millia
1256 1425 1395 1499 consiei,

447 1529 465 1558 “
489 1523 683 1610 Sumpiibus
705 1523 860 1609 exceptis,
885 1521 1007 1608 absque
1029 1521 1140 1588 lsbcre
1163 1523 1235 1590 viae.

403 1631 421 1660 ⁶‘
445 1625 569 1706 Quanti
591 1624 635 1690 sii
657 1624 797 1690 dedecus
820 1628 857 1689 ei
878 1623 1013 1702 nescio,²
1034 1625 1166 1690 noverit
1188 1625 1244 1689 ille

448 1733 466 1762 “
489 1727 544 1792 Ad
566 1747 663 1812 quem
686 1730 813 1812 spectat
834 1725 947 1806 honor,
971 1731 1098 1812 speciei
1121 1730 1156 1791 ei
1178 1725 1269 1791 istud
1292 1746 1383 1790 onus

404 1836 422 1864 “
446 1829 507 1894 nse
530 1829 670 1894 dedecus
692 1849 858 1914 magnum,
883 1827 941 1894 sed
963 1849 1111 1893 summus
1133 1827 1254 1915 praesul
1276 1831 1453 1913 uirumque

449 1936 466 1964 “
490 1930 610 1995 Puniet
633 1930 676 1994 ud
697 1928 841 2010 libitum,
864 1929 1012 1994 criminis
1034 1929 1125 1994 ultor
1147 1929 1219 1995 erin

404 2038 422 2067 “
445 2032 545 2098 Ourie
568 2032 724 2112 Romane,
749 2053 824 2117 quse
846 2031 957 2118 dignis
979 2031 1082 2118 dignu
1111 2031 1273 2118 rependit,

449 2139 467 2168 ‘¹
490 2135 554 2199 Pro
576 2133 702 2199 meritis
724 2132 834 2220 dignis
855 2133 991 2220 praemiu
1013 2133 1114 2218 digna
1136 2133 1239 2200 dubii.

404 2243 422 2271 “
445 2235 553 2303 Onuse
572 2236 690 2323 gravis,
712 2235 846 2323 gravior
867 2257 1013 2322 persone,
1038 2235 1235 2322 gravissimu
1257 2237 1378 2300 demna

448 2343 466 2372 “
489 2337 569 2402 Esse
591 2341 694 2424 putei,
717 2357 874 2424 magnum
896 2337 1027 2423 singule
1049 2336 1177 2423 pondus
1199 2336 1333 2404 habent.

404 2445 421 2475 “
445 2439 487 2504 In
509 2438 678 2504 dominum
702 2461 821 2526 papum
844 2438 1029 2526 speciuliber
1051 2437 1118 2504 iste
1140 2438 1338 2518 redundant,

448 2547 466 2574 “
489 2541 602 2608 Laesus
625 2545 660 2606 et
682 2545 732 2607 esi
753 2541 920 2628 graviter3
944 2540 1066 2606 vulnus
1089 2551 1267 2626 utrumque
1290 2545 1394 2628 patei.

405 2649 422 2678 ‘⁴
446 2643 543 2724 Quod
564 2642 699 2730 gravius
721 2643 817 2723 diceb,
841 2641 940 2708 citius
963 2641 1134 2728 leviusque
1157 2643 1326 2724 remittei5

449 2751 466 2778 “
490 2745 587 2826 Quod
608 2745 723 2824 levius,
747 2766 845 2830 poena
867 2745 928 2809 sub
951 2745 1102 2831 graviore
1125 2743 1227 2811 cedei
1300 2751 1306 2761 '

404 2852 422 2881 “
445 2846 558 2913 Laesus
579 2846 685 2911 honor
706 2845 849 2910 lacrimis
870 2846 994 2932 poierii
1016 2845 1231 2932 precibusque
1252 2847 1346 2934 pieri,

450 2955 467 2984 “
491 2948 543 3013 Ne
565 2948 666 3013 nimis
687 2947 800 3014 ulcisci
822 2968 856 3013 se
878 2948 1032 3013 videniur
1054 2947 1091 3011 in
1113 2947 1185 3012 hoc.

404 3055 422 3084 “
445 3050 577 3115 Damna
599 3049 656 3115 sed
678 3049 769 3114 illius
790 3049 884 3114 nullu
905 3048 1033 3114 ratione
1055 3049 1229 3131 remittei3

449 3158 466 3186 “
489 3151 583 3217 Micia
605 3151 676 3234 erit,
701 3150 818 3217 redimi
841 3150 898 3217 sed
921 3151 1072 3236 patiebur
1094 3146 1155 3216 es.8

404 3261 421 3288 “
447 3251 641 3320 ὓυωωοάο,
655 3251 856 3319 solvendus⁴
876 3252 979 3318 fuerit
1001 3250 1220 3318 Cissereicus⁵
1242 3251 1331 3332 crdo,

448 3361 466 3390 “
490 3353 549 3418 Nil
570 3355 633 3421 sibi
656 3355 697 3420 de
719 3359 791 3420 tcto
813 3353 987 3441 deperiisse
1009 3357 1131 3440 potest.
1308 3357 1310 3362 '

403 3463 420 3492 ‘¹
443 3457 514 3522 Aut
536 3456 677 3523 decimas
700 3457 841 3533 solvent,
864 3453 920 3520 et⁶
942 3455 1066 3521 braccis
1089 3455 1161 3542 lege
1183 3455 1331 3542 perenni,

448 3564 465 3594 “
489 3559 648 3639 Quemvis
669 3558 777 3634 inviti,
800 3557 981 3645 posteriore
1002 3555 1140 3644 tegent!

404 3667 421 3696 “
444 3660 597 3727 Claustra
618 3681 678 3726 nec
700 3659 849 3740 exibunt,
872 3659 1077 3746 pendentque
1099 3657 1231 3723 novalis
1254 3659 1383 3746 passim,

448 3767 466 3796 “
489 3761 649 3826 Asturia
672 3781 851 3826 mercatum
874 3759 980 3825 millis
1001 3760 1100 3847 plenu
1122 3759 1262 3825 dubunt.

403 3872 418 3898 ‘⁶
443 3862 574 3929 Sortem
596 3885 671 3928 cum
693 3883 793 3949 poene
814 3862 945 3928 solvent
967 3863 1034 3927 iris
1056 3861 1148 3926 milis
1170 3861 1274 3948 plenu

448 3971 466 4000 ‘³
488 3965 534 4030 Ec
556 3964 620 4030 nisi
642 3963 801 4030 festinent
823 3964 950 4030 solvere
972 3963 1063 4030 mille
1086 3963 1224 4029 dubunt.

403 4075 421 4108 “
444 4066 510 4134 Sed
532 4065 611 4153 quid
634 4065 697 4131 erii
720 4065 761 4130 de
784 4069 858 4131 me?
903 4065 1064 4147 Quaenam
1086 4065 1236 4132 vindicte
1258 4055 1438 4152 sequetur?

449 4175 469 4206 ‘¹
492 4167 642 4250 Qualiter
663 4165 800 4233 ulciscar
822 4167 868 4232 sic
890 4167 1053 4234 laceratus
1076 4171 1158 4255 egoi

436 4487 444 4519 ¹
455 4483 560 4548 cuilibet,
571 4485 605 4535 A.
981 4480 992 4513 ⁸
1007 4481 1151 4542 dictersius,
1162 4479 1193 4531 P.

442 4563 558 4613 medem
569 4561 620 4624 dcc,
631 4562 717 4623 nescio,
729 4559 758 4610 P.
983 4559 993 4593 θ
1004 4567 1056 4620 aut,
1068 4560 1098 4610 P.

435 4642 446 4674 ³
454 4643 564 4706 pacietur
575 4655 613 4700 cc,
624 4640 656 4690 P.
983 4637 1093 4704 iteqant,
1105 4640 1135 4688 Ρ.

436 4721 447 4754 ⁴
457 4718 575 4782 colundo,
586 4719 615 4770 P.
