3524 5802
527 913 668 964 urorum
690 863 875 965 srnounim
898 913 1109 964 eremorum
1300 903 1343 968 43

294 1091 312 1120 ‘⁴
335 1087 455 1153 Nescio
475 1089 504 1154 ei
526 1087 622 1154 vobis
643 1088 743 1154 liceat
765 1089 866 1153 morti
888 1087 967 1154 dare
989 1109 1185 1175 quenquam,

338 1194 356 1224 “
378 1189 546 1277 Praeeipue
568 1212 665 1256 eausa
686 1212 756 1256 non
778 1199 950 1278 praeeunte
971 1191 1070 1257 nocie.

292 1296 309 1323 ‘⁸
332 1290 504 1357 Pontificio
526 1283 648 1358 summi
670 1293 889 1360 medicamina
911 1293 1059 1359 maxima
1080 1297 1216 1380 portans

336 1398 354 1426 ‘⁶
378 1392 455 1459 Huc
477 1415 538 1481 ego
560 1395 704 1482 perveni,
727 1396 778 1460 nil
799 1395 990 1461 meditando
1011 1396 1100 1462 mali.

291 1497 309 1526 “
332 1492 397 1560 Per
418 1500 493 1562 sata
514 1496 657 1563 transivi
679 1495 785 1563 fateor
806 1497 1007 1585 peregrinus,
1031 1503 1066 1563 et
1087 1498 1223 1584 hospee3

336 1600 355 1630 “
378 1595 452 1676 Quo
474 1603 587 1664 tamen
608 1599 717 1665 erravi
740 1598 832 1664 erilis
853 1605 990 1687 apertus
1012 1605 1093 1665 erat.

292 1702 310 1730 ‘⁴
334 1698 461 1765 Semita
482 1722 604 1788 magna
626 1701 699 1780 fuit,
723 1723 823 1788 quam
845 1702 942 1767 rebar
964 1706 999 1766 et
1021 1723 1090 1767 esse
1112 1701 1266 1788 plateam,

338 1805 356 1835 “
380 1803 465 1866 Tum
486 1803 565 1888 quia
586 1803 657 1868 lata
678 1803 787 1882 nimis,
811 1809 886 1868 tum
909 1803 990 1889 quia
1012 1803 1095 1868 trita
1117 1803 1209 1868 satis.-

292 1907 311 1936 “
334 1901 436 1968 Error
456 1904 544 1970 inest
564 1905 661 1986 facto,
684 1924 753 1969 non
774 1905 1006 1990 praemeditata
1027 1904 1182 1972 voluntas
1199 1929 1208 1986 ;

336 2010 355 2038 “
378 2005 416 2070 Si
438 2027 505 2092 qua
525 2005 592 2071 fuit
613 2006 717 2092 culpa
742 2027 811 2072 non
833 2006 899 2071 nisi
921 2028 1025 2093 parva
1045 2006 1119 2073 fuit.

238 2170 261 2187 ,,
293 2105 547 2198 “Budpmlgvis
568 2111 666 2173 tanto
687 2129 757 2174 non
779 2107 853 2174 est1
875 2108 1049 2195 plectenda
1070 2108 1177 2195 rigore
1189 2132 1198 2190 ;

337 2213 356 2242 “
379 2208 495 2274 Mitior
514 2209 553 2274 in
574 2209 721 2274 minimis
743 2209 859 2275 debuit
882 2232 951 2276 esse
973 2210 1098 2276 modus.

293 2313 311 2342 “
335 2308 495 2389 Quamvis
517 2310 614 2398 culpa
635 2311 729 2392 foret,
753 2312 855 2377 etiam
877 2312 1071 2399 dignissima
1093 2312 1201 2399 plecti,

338 2415 356 2444 “
380 2411 455 2477 Hoo
476 2411 651 2498 plectenda
672 2414 771 2478 modo
793 2435 862 2479 non
883 2414 949 2479 firit
971 2411 1053 2478 illa2
1074 2421 1195 2480 tamen.

294 2518 312 2546 “
335 2512 492 2579 Criminis
514 2515 558 2580 ad
579 2515 709 2602 pondus
732 2515 867 2581 deberet
889 2535 989 2602 poena
1011 2516 1156 2603 rependi,

264 2675 270 2684 .
340 2620 359 2650 “
381 2616 490 2702 Major
511 2637 612 2704 poena
634 2639 694 2682 suo
717 2617 853 2684 erimine
875 2618 999 2683 crimen
1020 2617 1129 2683 habet.

295 2723 313 2752 “
337 2717 466 2784 Summi
487 2719 651 2806 pontificis
674 2741 735 2807 ego
756 2721 898 2786 nunnius
921 2725 1023 2806 atque
1045 2720 1196 2786 minister

340 2825 358 2853 “
380 2820 540 2886 Paoifieus
561 2823 648 2902 veni,
672 2821 769 2886 devia
790 2821 876 2886 forte
899 2842 1045 2906 sequens

293 2927 312 2955 ‘⁴
336 2921 507 2988 Pontifieis
528 2923 650 2988 summi
673 2923 829 2988 timeret
851 2923 1036 2990 reverentia
1059 2927 1207 2989 vestrum

339 3028 357 3057 “
379 3024 506 3090 Debuit
527 3023 594 3091 01⁸
616 3025 728 3111 aliqua
750 3027 844 3113 parte
867 3025 979 3092 levare
1001 3025 1134 3090 malum.

295 3131 313 3160 “
336 3127 434 3206 Quod
455 3133 567 3194 tamen
589 3133 777 3210 auxerunt;
807 3149 874 3194 non
897 3133 948 3194 est
970 3129 1008 3193 in
1030 3128 1182 3217 partibus
1204 3129 1279 3194 istis

340 3234 358 3262 “
381 3228 448 3309 Qui
470 3231 589 3296 timeat
611 3231 794 3296 Dominum
817 3231 1050 3317 pontificemve
1073 3253 1178 3296 suum.

295 3334 313 3364 “
336 3328 416 3396 Non
437 3330 531 3412 mihi,
552 3333 611 3398 sed
633 3333 784 3413 Domino,
807 3333 918 3419 gravis
941 3337 993 3398 est
1014 3333 1138 3418 injuria
1158 3332 1266 3414 faota;

342 3436 360 3466 “
382 3432 542 3498 Nostram
564 3455 650 3521 papa
672 3455 764 3499 suam
787 3434 935 3501 vindieat
957 3436 1028 3522 ipse
1050 3431 1162 3500 Deus.⁴

295 3540 315 3570 “
338 3534 380 3598 In
403 3535 575 3600 dominum
596 3557 716 3623 papam
738 3536 956 3624 transgressio
979 3536 1069 3601 faeta
1090 3536 1263 3614 redundat,

341 3643 359 3670 “
382 3636 532 3702 Laeditur
554 3642 589 3703 et
611 3641 708 3704 tanto
731 3639 821 3704 ouria
844 3642 917 3703 tota
939 3637 1034 3706 mado

296 3744 314 3773 “
337 3737 551 3804 Horrendum
573 3739 708 3822 facinus,
731 3743 803 3804 tam
825 3739 1022 3806 detestabile
1044 3741 1179 3822 factum,

340 3847 358 3874 “
380 3840 464 3906 Tam
485 3842 595 3928 gravis
618 3840 802 3908 exeussus⁶
823 3842 978 3928 nunquid
999 3842 1130 3908 inultus
1153 3842 1242 3908 erit?

297 3949 316 3976 “
338 3943 382 4008 In
403 3943 530 4008 domini
551 3965 646 4032 papae
668 3949 861 4032 contemptu
883 3948 954 4010 tam
976 3943 1152 4010 manifesto

341 4051 359 4079 “
382 4045 488 4110 Roma
509 4046 575 4111 nisi
596 4047 697 4112 fuerit
718 4068 779 4112 usa
800 4047 907 4134 rigore
929 4068 998 4128 suo,

296 4151 315 4182 “
337 4145 390 4212 Ut
411 4145 511 4212 breve
523 4148 578 4233 ¹sit
601 4148 750 4226 dedecus,
771 4148 910 4234 longum
932 4148 978 4214 sit
999 4147 1098 4213 decus
1119 4147 1256 4228 amieis,⁶

342 4253 360 4282 “
383 4247 545 4314 Hostibus
567 4251 724 4316 eveniant
745 4233 886 4315 dedecus
908 4253 1009 4334 atque
1032 4251 1135 4315 decus.

876 4559 990 4612 *Noster
1006 4575 1079 4627 papa
1095 4577 1164 4611 suum
1175 4560 1280 4613 vindicet
1294 4563 1347 4628 ipso

843 4639 924 4700 decus,
935 4638 966 4690 P.

876 4717 886 4750 ⁶
928 4735 1009 4768 ceam
1026 4718 1050 4768 P

330 4793 447 4847 wenni
456 4797 483 4846 in
494 4794 586 4860 αἱὲᾳιια,
598 4796 627 4846 Ρ.
877 4735 992 4862 dodanum
1005 4755 1077 4848 decdo
1088 4805 1125 4849 eat
1134 4806 1158 4849 et
1167 4799 1260 4862 mairia
1270 4799 1301 4850 P.
