3524 5802
390 819 433 884 30
493 831 673 880 sermm
696 831 800 880 POETS
822 831 866 880 OF
889 831 958 880 ΤΗΕ
980 831 1145 881 rwuurffl
1167 832 1336 884 currum.

387 1011 405 1038 “
428 1004 531 1070 Arme
552 1008 672 1091 genmt
694 1024 815 1090 pacem,
840 1002 898 1088 qui
919 1006 1126 1088 pugnaturus
1147 1003 1283 1068 inermis

433 1113 450 1140 “
473 1106 632 1187 Advenit,
656 1127 698 1170 ex
719 1105 809 1172 fsoili
831 1103 1040 1170 succubuisse
1061 1107 1183 1190 potest.

388 1214 405 1242 “
429 1207 643 1274 Conveniunt
664 1229 793 1287 musore,
815 1203 955 1293 vespes¹
976 1205 1204 1292 glomerantur
1226 1206 1263 1272 in
1286 1227 1401 1287 unum,

432 1321 449 1349 ‘⁶
472 1313 599 1380 Torvus
621 1319 728 1380 cester
750 1313 852 1392 adest,
869 1312 1018 1398 cuspide,
1041 1313 1142 1378 dente
1164 1335 1293 1380 nocens

387 1421 405 1450 “
428 1414 628 1504 Praecipito¹
649 1438 746 1482 cursu
768 1421 873 1481 terres
895 1413 1024 1500 dilapso
1045 1435 1105 1501 per
1127 1436 1249 1494 omnes,

432 1525 449 1552 ‘⁴
473 1518 586 1584 Donec
608 1518 775 1594 deficeret,
798 1517 927 1582 institit
949 1516 1021 1602 ipse
1042 1515 1153 1603 pedes.

388 1625 404 1652 “
427 1619 498 1685 Nec
520 1620 630 1686 minus
652 1619 721 1707 egit
742 1640 816 1686 eam
838 1619 952 1684 ceudae
974 1617 1082 1706 pudor
1104 1619 1162 1685 ille
1184 1624 1374 1698 retrorsum,

431 1725 449 1754 ‘⁴
472 1721 581 1800 Quum
604 1721 731 1786 stimuli
754 1720 873 1805 quibus
896 1724 947 1785 est
969 1719 1078 1786 obsite
1099 1724 1174 1786 tote
1195 1722 1303 1790 simul.

387 1827 404 1854 “
428 1821 516 1908 Ergo
538 1823 694 1910 resupina
716 1823 852 1887 tandem
875 1821 938 1887 sub
960 1821 1042 1887 colle
1059 1822 1189 1908 jugoro.

431 1929 449 1957 “
472 1922 605 1990 Corruit
627 1925 663 1988 111
685 1929 808 1990 terrem
830 1924 1038 2010 praecipitete
1059 1929 1182 1990 temen.

387 2029 404 2058 “
428 2023 578 2112 Cumque
599 2025 684 2091 foret
706 2025 806 2092 morti
824 2025 896 2110 jem
912 2024 985 2110 jum
1007 2025 1126 2104 vicine,
1146 2027 1325 2112 resumptis

432 2131 449 2160 “
472 2126 616 2206 Viribus,
639 2127 683 2192 ed
704 2127 868 2192 modicum
890 2125 1016 2192 extulit
1037 2126 1098 2192 ille
1119 2133 1227 2214 caput
1238 2167 1244 2212 ,ι

387 2234 404 2262 “
426 2227 662 2315 Aspiciensque
684 2250 786 2316 prope
807 2229 942 2294 comites
965 2229 1007 2294 de
1028 2235 1136 2295 morte
1157 2233 1337 2316 gementes,

431 2335 449 2363 “
472 2329 756 2418 Brunettemque⁸
785 2353 888 2413 sunm,
912 2331 994 2397 telis
1016 2329 1105 2397 dixit
1127 2330 1182 2398 eis.

731 2589 899 2655 Planctus
923 2589 1090 2656 Bicorrtis.

387 2751 405 2778 “
429 2744 535 2824 Quum
569 2744 679 2831 gravis
710 2745 776 2810 istc
807 2745 886 2826 dies,
909 2767 1010 2831 quum
1032 2746 1078 2810 sit
1099 2743 1335 2810 memorande⁴
1367 2765 1436 2809 mo·

477 2853 495 2881 “
518 2846 636 2926 deruis,

432 2955 449 2982 “
472 2947 608 3014 Casibus
631 2969 674 3013 ex
694 2947 817 3013 nostris
839 2947 983 3013 discere⁵
1005 2948 1142 3034 quisque
1164 2951 1280 3035 potest

386 3055 404 3084 ‘⁴
427 3049 498 3114 Nec
520 3048 601 3113 mihi
623 3071 710 3114 mors
732 3051 842 3137 gravis
866 3054 924 3127 est,
940 3051 1104 3136 quonism,
1127 3049 1251 3114 siritu
1273 3051 1436 3136 superstes

431 3157 448 3185 “
471 3150 576 3231 Esset,
600 3151 707 3216 adhuc
729 3152 859 3238 gravior
880 3151 952 3216 hoec
974 3152 1058 3216 mibi
1079 3156 1185 3216 morte
1206 3151 1301 3216 foret.

387 3257 404 3286 “
427 3252 531 3318 Duloe
552 3253 637 3317 mori
659 3253 796 3334 miseris,
820 3275 907 3318 mors
929 3259 981 3318 est
1002 3252 1087 3317 mihi
1109 3253 1192 3318 mite
1213 3253 1374 3332 levamen,

431 3360 449 3387 “
471 3354 578 3420 Morte
600 3354 685 3419 1111111
706 3355 832 3420 miseris
854 3355 971 3422 mitius
993 3375 1062 3419 esse
1083 3359 1200 3442 potest.

386 3460 403 3488 “
426 3455 504 3521 Non
526 3461 576 3522 est
598 3477 685 3522 mors
707 3457 808 3534 oneri,
832 3456 890 3521 sed
913 3457 987 3543 plus
1010 3457 1166 3522 conducit
1187 3456 1317 3534 honori,

430 3563 448 3592 “
471 3558 556 3622 Cum
578 3580 665 3623 mors
687 3563 739 3623 est
760 3557 838 3622 telis
860 3558 949 3642 quod
971 3555 1090 3624 ccvetl
1111 3557 1203 3645 ipse⁷
1225 3558 1330 3624 melis.

386 3663 403 3692 “
427 3658 517 3724 Mors
539 3659 648 3725 invite
670 3659 764 3724 debit
787 3660 942 3745 requiem,
966 3683 1066 3747 quem
1088 3662 1161 3726 vite
1183 3656 1362 3749 negavit3⁸

430 3765 448 3793 “
472 3760 531 3825 Nil
552 3761 634 3825 mihi
656 3767 761 3826 morte
783 3763 879 3848 perit,
901 3764 959 3828 sed
981 3764 1170 3829 relevamen
1193 3764 1265 3830 erit.

384 3868 402 3896 “
426 3861 623 3949 Exemplum
646 3864 759 3928 multis
782 3865 863 3947 vixi,
885 3865 1071 3952 moriorque
1093 3866 1244 3931 futurum

429 3970 447 4026 “‚
470 3964 633 4031 Omnibus
656 3966 851 4053 exemplum,
876 3989 944 4032 non
966 3967 1122 4033 habiture
1144 3967 1289 4033 modum.
