3512 5842
415 864 459 936 '22
516 879 698 928 sulmone
720 880 824 928 euers
846 881 890 928 OF
913 879 983 927 THE
1006 875 1170 926 TWELFTH
1193 875 1363 926 CENTURY.

417 1056 435 1083 “
459 1049 505 1114 Ea
528 1049 666 1113 veniunt
688 1045 750 1111 adl
775 1068 850 1112 eum
874 1045 967 1111 dolor
990 1051 1024 1111 et
1046 1047 1191 1132 gemitus
1214 1047 1396 1124 viduarum,

463 1158 480 1184 “
505 1149 663 1236 Pauperis
686 1153 720 1214 el
742 1149 910 1214 lacrimam
931 1148 1060 1233 judicet
1083 1170 1152 1214 esse
1174 1171 1277 1214 suam.

419 1261 436 1287 “
461 1252 570 1318 Causa
592 1251 792 1338 pupillorum
816 1250 951 1326 sua-sii,
973 1249 1037 1314 sibi
1058 1249 1169 1315 credai
1191 1251 1382 1337 ademptum

463 1363 481 1389 “
506 1354 602 1434 Quod
622 1375 690 1418 non
712 1351 887 1418 abstulerit
910 1373 1035 1438 pauper
1057 1353 1099 1418 ab
1123 1353 1194 1418 aede
1216 1375 1287 1418 sua.

419 1464 437 1493 ‘¹
460 1456 538 1521 Non
557 1457 688 1542 inopem
712 1459 856 1541 spernat,
878 1441 1011 1518 vultum
1034 1456 1222 1521 venerando
1245 1456 1440 1542 polenium,²

463 1565 480 1592 “
504 1557 565 1622 Esl
585 1557 729 1622 hominis
752 1555 869 1620 faciem
889 1577 1029 1636 cernere,
1052 1557 1150 1622 corda
1171 1557 1242 1622 Dei.

419 1669 435 1695 “
458 1659 537 1725 Nou
563 1657 631 1724 εἰῢ3
653 1663 802 1746 captator
822 1658 919 1724 famae
939 1659 1107 1745 popularis
1129 1661 1259 1747 ineptae,

392 1764 393 1768 ’
463 1771 480 1796 “
505 1763 582 1828 Non
604 1761 738 1828 eludent
756 1760 880 1826 mundo
904 1761 961 1828 sed
984 1761 1144 1847 placuisse
1166 1761 1244 1826 Deo.

419 1870 436 1898 “
459 1863 612 1949 Namque
634 1863 715 1950 quid
737 1869 788 1928 esi
810 1861 902 1928 aliud
917 1884 1016 1947 quam
1038 1868 1157 1928 venius
1172 1868 1207 1928 ol
1221 1884 1302 1928 aura
1315 1863 1467 1929 recedens

363 1989 369 2004 ·
450 1973 481 2056 ᾖ*
505 1966 594 2030 Laus
611 1965 733 2052 populi,
757 1965 894 2046 celebris
914 1965 1010 2039 fama,
1032 1965 1188 2052 favorque
1209 1965 1340 2030 brevis?

419 2076 436 2103 “
462 2067 550 2148 Quid
566 2067 674 2153 juvat,
698 2067 741 2131 ad
762 2066 882 2132 famam
902 2067 1015 2155 populi
1039 2067 1104 2132 sibi
1125 2067 1385 2147 conciliendanr,⁴

463 2177 481 2205 “
504 2169 633 2235 Tollere
654 2167 852 2255 pauperibus
873 2169 1099 2256 divitibusque
1119 2171 1222 2238 darei

419 2279 437 2306 “
461 2271 513 2336 De
533 2271 674 2336 lacrimis
694 2270 829 2358 inopum
849 2277 999 2338 venirem
1021 2272 1142 2338 saliare
1164 2278 1346 2360 polenium,

464 2382 481 2408 “
505 2373 624 2440 Nescio
642 2395 738 2460 quern
763 2373 872 2438 leudis
895 2373 995 2440 debet
1017 2375 1136 2441 habere
1157 2375 1273 2440 locum.

417 2483 436 2512 “
459 2477 579 2542 Senius
601 2482 653 2542 esi
674 2476 805 2554 famam,
828 2475 907 2540 dum
931 2498 998 2541 non
1022 2477 1157 2562 dejure
1179 2477 1316 2555 laboral,

462 2587 481 2618 ‘⁶
505 2579 674 2665 spernere,
698 2599 796 2663 quam
819 2577 937 2642 redimi
961 2579 1150 2644 conditione
1172 2580 1275 2665 gravi.

417 2688 434 2718 “
459 2681 560 2746 Mulli
583 2681 661 2745 dum
684 2681 797 2745 laudes
819 2679 991 2744 hominurn
1015 2687 1216 2746 venerantur
1237 2681 1281 2746 ad
1304 2681 1428 2760 lroram,

462 2789 480 2818 “
504 2783 649 2848 Infames
672 2782 743 2846 fieri
766 2803 973 2866 promeruere
996 2781 1064 2846 diu.

417 2893 438 2926 “
461 2885 516 2949 Ad
539 2884 652 2950 laudes
675 2884 846 2949 hominum
870 2884 989 2949 nimias
1012 2884 1076 2948 sibi
1100 2885 1327 2965 conciliandae,

462 2996 479 3022 “
503 2987 569 3068 Qui
592 2987 690 3051 nimis
714 2987 848 3073 aspirat,
873 3009 940 3051 nou
963 2985 1150 3074 sapienter⁵
1172 2988 1252 3074 agit.

695 3219 811 3290 Scala
834 3223 995 3310 pluriorio
1019 3222 1201 3289 Burnelli.⁶

418 3367 435 3395 “
459 3360 548 3448 Ergo
572 3377 647 3425 cum
671 3359 762 3426 fuero
782 3359 902 3448 praesul
924 3363 1094 3446 promolus
1115 3359 1150 3424 in
1175 3359 1262 3436 urbe,
1309 3405 1322 3420 .

462 3470 480 3496 “
504 3463 546 3527 In
564 3467 635 3527 toto
656 3463 780 3527 mundo
799 3483 858 3548 par
876 3462 959 3526 mihi
978 3461 1088 3528 nullus
1112 3461 1187 3527 erit.

417 3573 434 3600 “
458 3566 586 3632 Obvius
609 3565 716 3630 exibil
738 3565 878 3652 populus
900 3565 982 3630 milri
1004 3571 1096 3630 lotus
1119 3565 1161 3629 ab
1187 3563 1289 3644 urbe,⁷

461 3675 478 3702 “
502 3667 601 3734 Dioel
621 3673 657 3732 el
674 3667 805 3755 obstipo
828 3667 960 3748 veriioe,
986 3667 1137 3749 ‘Praesul,
1160 3667 1259 3733 avel’

418 3777 435 3805 ¹‘
460 3769 547 3850 Quid
570 3789 642 3835 rnen
666 3775 745 3836 lunc
766 3775 880 3850 maier,
904 3793 978 3836 curn
1000 3793 1053 3837 me
1074 3770 1264 3836 benedicere
1290 3767 1410 3837 olerum

461 3878 479 3907 ‘¹
502 3872 632 3937 Viderit
650 3867 684 3937 ei
711 3873 875 3960 populum,
901 3873 1006 3938 dicore
1029 3893 1139 3958 quaeso
1162 3875 1297 3960 polest?

417 3982 435 4009 “
460 3975 654 4040 Exhilarala
672 3975 768 4054 diem,
794 3980 932 4063 tempus,
956 3975 1128 4041 benedicet
1151 3982 1185 4040 el
1208 3976 1330 4056 horam,

462 4083 480 4112 “
505 4075 579 4158 Qua
601 4077 728 4164 peperit
749 4083 865 4143 nalum
886 4099 938 4142 me
957 4077 1131 4143 benedicta
1148 4099 1253 4142 suum.

418 4187 435 4213 “
457 4181 504 4244 El
524 4186 618 4266 paler
639 4177 719 4244 ille⁸
741 4202 832 4246 meus
854 4185 978 4266 quanio
996 4179 1153 4266 gaudebil
1175 4179 1306 4258 honore,

462 4289 480 4318 ‘⁴
505 4283 589 4348 Cum
610 4281 792 4348 Dominum
812 4281 924 4348 dioeni
945 4282 1175 4368 pontificisque
1196 4285 1346 4369 patremi

449 4469 690 4530 ¹Inlrocuntcd,B.
941 4487 944 4522 ι
997 4471 1211 4535 δίηεῐρὶεπίενῶ.

449 4549 460 4580 ²
472 4548 567 4598 multum
580 4549 714 4600 venerando
721 4556 850 4616 polentem,
862 4550 891 4599 P.
998 4550 1008 4581 ⁶
1020 4552 1049 4601 P.
1062 4553 1123 4600 adda
1135 4558 1161 4601 to
1172 4550 1223 4601 this
1234 4551 1327 4613 rubrio,
1339 4550 1367 4601 de
1378 4552 1464 4616 serpso.

449 4627 516 4689 laia,
526 4629 555 4677 P.
998 4628 1167 4693 linarbal.

450 4702 656 4768 ⁴ccncr'lr'cndurn,
675 4710 703 4759 P.
738 4709 807 4760 Both
818 4709 851 4759 A.
868 4710 916 4759 und
941 4721 943 4746 ¹
997 4709 1080 4776 ⁸ipac,
1093 4711 1120 4759 B.

416 4781 447 4836 Β.
458 4785 523 4836 hare
534 4784 712 4837 concidendum.
940 4751 943 4852 l
