3524 5802
548 884 690 934 monum
714 884 895 935 srecunuu
917 885 1129 936 srenronmr.
1319 877 1360 940 35

312 1059 329 1086 “
353 1054 406 1120 Sit
426 1056 491 1122 tibi
513 1061 612 1144 potus
633 1061 743 1144 aquai
766 1057 812 1124 eit
834 1080 975 1146 magnus
997 1059 1138 1125 earduus
1159 1065 1251 1126 esca!

355 1162 374 1192 “
396 1158 562 1224 Marmora
579 1163 771 1241 stra-menta,
795 1162 943 1249 tegmina
964 1183 1017 1228 roe
1038 1167 1073 1228 et
1095 1167 1203 1250 aqua!

310 1263 327 1292 “
351 1257 493 1342 Grande,
516 1261 623 1344 nives,
642 1263 775 1348 pluviae,
798 1269 907 1330 tecum
929 1265 1129 1331 comitentur
1151 1265 1283 1351 ubique,

353 1365 371 1394 “
394 1361 551 1451 Protegat
573 1369 608 1430 et
629 1369 731 1431 noctu
754 1387 835 1431 eana
857 1367 984 1453 pruina,
1008 1367 1105 1453 gelu!

308 1465 326 1494 “
348 1459 476 1550 Saepius
499 1485 617 1532 exosus
639 1468 753 1534 veniat
776 1473 851 1555 post
872 1473 969 1555 terga
989 1467 1196 1534 molossus1'’

352 1563 474 1632 Oscula
495 1568 605 1635 dando
627 1573 748 1652 tamen,
773 1570 861 1636 dixit
883 1570 1011 1652 asellus,
1034 1570 1165 1636 Amen!

307 1665 550 1754 Ingeminantis
571 1671 680 1738 Amen
702 1695 770 1739 vox
792 1677 844 1738 est
865 1672 982 1738 audita
1003 1693 1062 1760 per
1083 1673 1207 1753 urbem,

352 1769 616 1860 Murmuriique¹
640 1795 757 1841 sonum
780 1775 921 1862 percipit
942 1796 1039 1841 omne
1061 1775 1176 1840 forum.

307 2032 461 2114 matter
482 2033 671 2102 Borracllas
691 2035 933 2222 profwiiffii
942 2037 1070 2124 [cereos
1083 2035 1271 2104 Salernum
1289 2059 1355 2123 pro

729 2160 832 2226 specte
912 2189 918 2202 .

305 2292 478 2359 Festinans
500 2294 613 2382 igitur,
636 2295 772 2360 veniens
795 2297 831 2360 in
853 2295 968 2360 limine
990 2301 1096 2384 portae

349 2393 469 2475 Haesit,
492 2401 527 2461 et
549 2397 629 2462 eliso
651 2398 776 2462 corruit
797 2397 868 2483 ipse
890 2397 979 2482 pede.

306 2501 323 2530 “
347 2495 452 2583 Signa
473 2499 663 2564 revertendi
685 2503 765 2564 sunt
786 2497 885 2580 haec,'’
909 2498 1024 2563 dixere
1046 2497 1242 2585 propinqui;

350 2599 508 2664 Riserunt
531 2600 611 2680 alii;
634 2599 723 2664 dixit
746 2605 780 2666 et
803 2600 873 2688 ipse
895 2600 1026 2664 eibi:-

305 2705 322 2734 “
345 2701 464 2766 Debile
485 2701 683 2788 principium
705 2700 822 2767 melior
844 2701 979 2766 fortuna
1001 2705 1178 2786 sequetur3

350 2807 368 2837 “
390 2803 508 2868 Restat
530 2803 595 2868 iter
615 2803 761 2890 longum,
784 2824 852 2868 non
873 2802 1059 2869 remanebit
1080 2803 1138 2870 ita

304 2910 322 2941 “
345 2904 439 2969 Dura
460 2905 540 2970 eatis
563 2904 664 2970 didici
687 2909 862 2992 postquam
885 2925 959 2970 sum
981 2903 1074 2970 fusus
1096 2905 1140 2970 ab
1163 2904 1248 2985 alvo,

349 3013 367 3042 “
390 3004 491 3072 Unde
513 3006 593 3072 satie
615 3027 748 3094 possum
771 3006 914 3094 plurima
937 3007 1020 3072 dura
1041 3006 1121 3094 pati.

303 3114 321 3142 “
344 3107 423 3174 Non
444 3113 495 3174 est
517 3107 646 3174 deliciis
669 3112 801 3174 assueta
823 3107 878 3174 vel
900 3108 1057 3174 ebrietati

348 3216 366 3246 “
390 3209 473 3276 Haec
495 3231 568 3276 mea
590 3229 736 3297 persona,
761 3231 835 3295 quae
858 3207 946 3274 mala
967 3209 1052 3274 ferre
1075 3209 1167 3276 solet.

303 3317 321 3348 “
345 3311 495 3378 Oarduus
518 3316 553 3377 et
574 3312 674 3400 lappa
695 3315 849 3376 constant
870 3310 954 3375 mihi
977 3311 1082 3376 carior
1104 3333 1183 3391 esea,

348 3419 366 3450 “
390 3413 518 3480 Sufficit
540 3412 584 3479 ad
606 3419 721 3500 potum
745 3435 823 3478 nam
845 3412 1001 3499 pluvialis
1022 3434 1119 3498 aqua.

303 3521 321 3550 “
346 3516 389 3581 In
411 3515 617 3580 salsamentis
640 3537 707 3581 non
730 3520 781 3580 est
803 3513 978 3580 meditatio
1000 3513 1130 3594 mentis,

347 3623 366 3654 “
389 3617 432 3683 In
454 3617 549 3682 tenui
572 3615 666 3682 victu
688 3637 823 3704 corpora
844 3621 960 3681 nostra
981 3615 1107 3702 vigent.

302 3726 320 3755 “
343 3719 424 3786 Sum
447 3719 541 3807 piger
563 3724 598 3784 et
619 3717 758 3799 tardus,³
780 3717 838 3782 sed
861 3722 948 3782 certe
970 3716 1097 3782 tardior
1119 3737 1222 3782 essem

346 3827 364 3858 “
387 3822 425 3889 Si
447 3843 521 3888 mea
542 3841 778 3906 nonnunquam
801 3820 894 3886 lauta
916 3819 1018 3884 diaeta
1040 3819 1133 3884 foret.

301 3931 318 3962 “
341 3923 407 3990 Sed
428 3945 534 4011 neque
557 3923 615 4008 qui
637 3922 735 3988 debet
758 3927 910 4008 sumptus
931 3919 1120 4007 impendere
1141 3921 1272 4002 multos,

344 4031 363 4062 “
385 4026 539 4114 Expedit,
563 4031 602 4092 nt
624 4025 736 4091 crebro
758 4025 839 4090 vina
862 4023 1003 4088 Falerna
1026 4021 1128 4087 bibat.

301 4134 318 4165 “
342 4129 432 4210 Quid
454 4127 537 4193 mihi
558 4149 633 4193 cum
655 4125 785 4192 vinei4
806 4148 872 4213 quo
896 4123 1261 4292 ᾶθεέξὶυηὺῦεείἱὲιὴοε,

346 4237 363 4267 “
387 4231 558 4317 Multaque
580 4230 778 4316 contingunt
800 4251 865 4315 quo
887 4249 939 4292 me
966 4227 972 4242 '
996 4231 1054 4292 nte
1098 4248 1132 4289 m

332 4533 340 4566 ¹
352 4531 576 4598 flammeumque,
588 4533 616 4584 P.
878 4531 889 4563 ³
901 4531 986 4582 tardae
997 4537 1020 4581 ei
1027 4531 1107 4598 piper,
1118 4531 1148 4582 P.

330 4611 412 4664 ¹The
434 4614 483 4664 last
504 4606 562 4664 stiur
584 4615 666 4663 words
693 4613 724 4662 of
747 4609 798 4662 this
879 4610 929 4661 ⁴de
941 4613 1004 4673 vino,
1014 4611 1043 4660 P.

296 4693 389 4750 rubrio,
409 4692 469 4744 here
491 4692 603 4744 inclceed
626 4691 653 4742 in
675 4691 798 4755 brackets,
880 4689 946 4740 ⁵toc
957 4689 1082 4751 mediante,
1092 4691 1123 4739 B.

297 4770 577 4838 areonlyfountlinP.

1148 4853 1212 4914 02
