3512 5842
416 864 460 938 78
519 883 699 935 ssmmcm
723 885 828 935 conss
851 887 896 934 os
918 887 988 936 nnn
1010 887 1174 939 swsnms
1197 891 1367 942 cessum.

742 1131 791 1198 De
811 1129 947 1198 silentio
969 1131 1139 1201 Bucucelli.

416 1279 510 1346 Talia
532 1279 664 1361 dicenti,
683 1281 754 1366 Jum
771 1279 909 1366 jamque
932 1280 1039 1346 redire
1062 1281 1196 1363 volenti,

461 1383 616 1450 Rusticus
638 1383 816 1448 adveniens
840 1383 967 1464 obvius,
992 1383 1105 1469 inquit
1129 1387 1178 1450 ei:

417 1492 435 1520 “
458 1485 605 1551 Perisius
628 1507 702 1571 ques
725 1507 824 1550 causa
847 1486 920 1567 tibi,
945 1487 1113 1568 Burnslle,
1137 1488 1308 1574 petentil¹

461 1595 479 1624 “
502 1589 558 1653 An
581 1588 729 1653 docuisse
751 1588 868 1654 veniel
891 1609 935 1654 nn
958 1588 1112 1660 didicisse
1135 1589 1246 1654 tibil’'

416 1691 559 1758 Nomine
582 1691 727 1756 Pen‘sius
750 1690 866 1756 stetim
889 1690 1067 1756 Burnellus
1090 1692 1219 1778 adepto,

459 1794 572 1860 Vertit
594 1793 667 1874 iter,
691 1794 837 1859 retinens
860 1813 982 1858 nomen
1006 1795 1041 1857 in
1065 1815 1121 1858 ore
1144 1817 1211 1860 suo.

415 1897 510 1976 Quod
533 1917 575 1961 ns
597 1897 715 1983 perdet
736 1896 818 1960 item
840 1917 926 1976 casu,
951 1894 1131 1962 studiove²
1153 1898 1317 1983 loquendi,

458 1999 599 2064 Aecidet
621 2004 661 2064 ut
683 2021 814 2064 russum
837 1999 924 2064 sicut
949 2003 983 2064 et
1006 2005 1086 2065 ente
1109 1999 1181 2080 sibi,

414 2100 474 2166 Nil
496 2103 630 2167 omnino
653 2101 744 2188 loqui
767 2101 888 2167 stetuit
911 2107 963 2167 ter
986 2102 1132 2188 quinque
1156 2102 1274 2169 diebus

459 2203 609 2292 Excepto
631 2205 699 2270 solo
721 2204 854 2270 nomine
878 2203 1033 2270 Perisius.

414 2306 578 2394 Quicquid
601 2308 781 2394 continget,
806 2307 993 2394 quicunque
1015 2307 1161 2374 sulutet8
1183 2315 1326 2392 cuntem,

458 2410 518 2476 Nil
540 2411 761 2500 respondebit,
785 2412 841 2477 sed
864 2412 958 2498 quasi
981 2415 1094 2476 mutus
1116 2412 1189 2477 erit

505 2643 660 2726 Qualiter
682 2641 871 2708 succentus
893 2641 1035 2711 violavit
1057 2643 1238 2711 silentium
1260 2668 1371 2720 mecon,

415 2799 567 2886 Contigit
589 2799 716 2864 interce
738 2801 836 2886 quod,
860 2821 934 2866 cum
958 2800 1120 2888 complete
1142 2803 1258 2868 fuisset

460 2902 632 2989 Religions
654 2903 715 2968 sub
738 2903 800 2967 hec
818 2903 890 2989 jum
913 2905 1067 2970 duodone
1089 2905 1167 2986 dies,

416 3005 561 3085 Quidem
586 3005 762 3091 Romipeta
787 3008 977 3094 peregrinus
999 3008 1042 3072 ab
1065 3008 1146 3072 urbe
1169 3008 1304 3074 vicine⁴

459 3107 602 3194 Alpibus
623 3107 660 3171 in
682 3108 800 3174 mediis
822 3131 857 3173 se
880 3111 1019 3176 soeievit
1042 3110 1081 3191 ei,

413 3211 642 3298 Accedensqus
664 3233 765 3298 prope
788 3211 895 3278 dixit:
922 3219 940 3248 “
951 3211 1143 3278 Reverendo
1165 3216 1328 3301 magister,

459 3319 478 3350 “
501 3313 554 3380 Sit
577 3313 741 3380 Dominus
764 3319 892 3379 tecum!
916 3314 962 3380 sit
983 3315 1048 3380 tibi
1070 3337 1169 3381 meus
1191 3315 1336 3382 bonuml

414 3422 431 3449 “
455 3416 616 3503 Prospere
637 3421 711 3482 tote
733 3416 802 3482 dies
825 3417 986 3498 succedet,
1010 3439 1145 3504 vespere
1168 3419 1316 3498 olerum,5

459 3525 476 3554 “
500 3519 694 3605 Hospitium
717 3524 859 3604 gratum,
883 3541 1017 3605 noxque
1040 3521 1154 3606 quiete
1176 3521 1255 3585 tibi!
1269 3521 1283 3546 '’

413 3621 479 3686 Sed
501 3620 676 3685 Bumellus
698 3620 815 3702 adhue,
838 3621 966 3688 indicte
987 3621 1122 3687 silentiu
1143 3636 1286 3704 servans,

458 3723 519 3788 Nil
541 3723 710 3808 respondit
734 3725 773 3804 ei,
797 3725 900 3788 verbe
922 3745 981 3789 nec
1004 3723 1072 3788 ulle
1094 3724 1188 3790 dedit
1200 3749 1208 3804 ;

414 3827 480 3894 Sed
503 3831 616 3890 temen
638 3825 779 3891 inclinet
801 3827 950 3913 supplex,
974 3827 1141 3913 verboque
1164 3827 1281 3892 solutis

456 3928 604 3993 Nutibus
627 3931 662 3993 et
684 3928 787 4014 signis
810 3929 940 4012 annuit,
964 3950 1019 3995 ore
1043 3934 1162 3995 tenens.

412 4029 604 4116 Hospitium
627 4030 754 4096 subiere
777 4031 883 4111 simul,
908 4053 973 4117 quo
995 4032 1081 4096 fessa
1103 4031 1223 4097 diurno

458 4133 607 4198 Membro.
629 4131 741 4199 labore
763 4153 824 4197 suo
847 4137 945 4199 noete
968 4134 1086 4201 dedero
1109 4140 1191 4202 toro.

411 4236 560 4322 Cumque
583 4234 683 4299 Peter
705 4235 828 4300 Noster
850 4235 1041 4322 peregrinus
1064 4235 1099 4300 in
1123 4257 1179 4302 ore
1201 4236 1390 4323 frequenter

454 4339 620 4418 Volveret,
644 4357 782 4401 exorans
804 4336 1049 4424 sollicitamque
1072 4337 1190 4421 Deum,

414 4491 512 4498 .-.-—-

443 4563 590 4614 ¹Purisium
601 4580 654 4627 quae
671 4563 821 4628 consessit,
841 4563 909 4612 Bur·
935 4569 940 4580 '
994 4562 1116 4626 ³salulul,
1129 4567 1157 4614 P.

409 4643 477 4704 nelle,
496 4642 614 4706 petendi?
630 4642 661 4691 B.
703 4641 825 4702 Parisios,
843 4641 910 4691 Bru·
993 4644 1003 4674 ⁴
1021 4643 1123 4705 somna,
1135 4643 1165 4692 B.

409 4721 476 4783 nelle,
488 4721 532 4770 lidi
543 4737 596 4784 quoe
607 4737 684 4771 causa
692 4723 805 4787 pelenti?
823 4723 851 4773 l‘.
993 4722 1003 4753 ⁵
1016 4739 1112 4788 vespere
1123 4721 1198 4784 eluro,
1210 4724 1238 4772 P.

442 4801 452 4834 ²
462 4799 597 4864 studioque,
608 4801 637 4852 P.
