3512 5842
544 873 685 923 urouuur
708 871 891 923 srucuuuu
914 873 1127 926 sruuroauu.
1324 855 1367 928 57

312 1051 330 1080 “
353 1045 444 1110 Ante
466 1043 554 1108 diem
576 1042 698 1108 festum
721 1043 888 1129 generalia
911 1043 996 1109 festa
1018 1043 1192 1130 parentes¹

358 1152 376 1180 “
399 1143 449 1211 Ut
471 1145 603 1224 faciant,
626 1144 768 1210 veniunt
790 1145 1056 1232 conveniuntque
1078 1146 1187 1212 simul.

312 1253 330 1282 ⁴⁴
352 1246 441 1311 Aula
463 1251 558 1334 patet
580 1246 715 1324 cunctis,
740 1251 880 1311 onerant
902 1246 1027 1312 cibaria
1048 1269 1186 1327 mensae,

358 1354 376 1382 “
399 1347 645 1434 Indulgentque
668 1347 768 1412 nimia
791 1348 924 1433 potibus
948 1353 1049 1434 atque
1072 1349 1162 1415 cibia.

312 1455 331 1485 ‘⁴
354 1449 501 1514 Bacchus
523 1448 619 1514 adest
641 1448 736 1527 festo,
759 1449 875 1534 patulo
898 1450 1040 1516 diffusus
1063 1450 1098 1514 in
1121 1449 1226 1530 auro,g

358 1555 376 1586 “
400 1549 599 1615 Exhilarana
621 1549 782 1635 populum
804 1551 1078 1637 sanctificaneque
1099 1551 1215 1616 locum.

314 1658 332 1686 “
356 1651 436 1716 Nox
459 1651 582 1731 aderat,
607 1647 697 1736 qua³
719 1672 816 1717 mane
839 1653 924 1718 citus
947 1653 1139 1718 (lundulfus
1161 1652 1205 1718 ad
1228 1648 1368 1716 urbem⁴

360 1758 378 1787 “
401 1752 611 1818 Profecturus
634 1759 716 1832 erat,
740 1753 997 1818 sanctificandus
1019 1753 1076 1820 ibi.

314 1859 332 1890 ‘⁴
354 1853 410 1917 Ad
431 1853 628 1939 gallicantus
651 1853 776 1938 primos
798 1854 864 1918 iter
886 1854 1111 1940 arripiendum

359 1959 377 1988 ‘⁴
399 1955 478 2019 Esse
500 1953 628 2034 volunt,
652 1953 769 2018 aberat
793 1976 873 2018 nam
895 1955 985 2020 locus
1008 1956 1065 2020 ille
1087 1957 1209 2043 procul.

315 2060 332 2090 ‘¹
356 2055 536 2120 Mandatur
557 2054 690 2119 famulis
713 2060 852 2141 tempus,
876 2057 1098 2144 praescribitur
1120 2059 1209 2136 hora,

360 2161 378 2190 “
402 2155 476 2235 Qua
496 2155 703 2240 profecturus
725 2177 821 2221 mane
844 2158 997 2222 citandus
1020 2159 1083 2223 erit
1098 2156 1130 2238 ;ὕ

316 2263 334 2292 “
357 2255 490 2323 Scilicet
511 2263 551 2322 ut
574 2257 733 2322 studeant
755 2261 872 2322 cantus
896 2257 1011 2324 audire
1033 2260 1158 2345 priores

362 2363 380 2394 “
404 2357 494 2437 Quos
515 2358 644 2424 dederit
666 2358 772 2443 gallus
795 2359 936 2424 nuncius
958 2365 1037 2424 ante
1060 2361 1154 2426 diem.

317 2465 335 2494 “
359 2455 594 2544 Sufficietque⁶
617 2457 698 2524 eatis
721 2459 750 2523 si
773 2464 854 2524 tunc
876 2461 1058 2526 surrexerit
1079 2461 1143 2540 ille,

363 2565 380 2594 “
403 2559 492 2624 Nam
514 2581 583 2624 nox
604 2559 704 2645 longa
726 2561 834 2639 nimia,
859 2583 919 2626 nec
941 2583 1041 2648 grave
1064 2567 1169 2628 restat
1192 2561 1263 2629 iter.

317 2667 336 2696 “
359 2659 474 2725 Gallus
496 2663 535 2724 ut
558 2660 629 2726 hoec
652 2661 753 2724 verba
776 2660 872 2746 vigili
895 2662 1040 2748 percepit
1062 2662 1099 2726 in
1121 2683 1210 2744 aure,
1312 2743 1315 2748 Ι

362 2767 379 2795 “
403 2759 543 2839 Gaudet,
567 2765 602 2825 et
624 2761 755 2826 exultat
779 2768 918 2848 pectore,
942 2783 1021 2828 voce
1044 2767 1164 2830 tacent.

317 2867 335 2898 “
357 2861 465 2926 Tanta
487 2860 619 2946 quidem
642 2882 742 2947 super
763 2861 816 2926 hie
839 2862 905 2927 fuit
928 2863 1094 2929 exultatio
1116 2863 1232 2945 cordis,

361 2969 379 2998 “
403 2961 471 3028 Ora
492 2961 581 3048 quod
603 2985 624 3027 a
646 2961 744 3028 laude
767 2964 828 3028 vix
851 2964 1003 3030 cohibere
1025 2969 1143 3051 potest.

316 3070 335 3099 “
358 3063 519 3150 Quodque
542 3065 752 3150 praeoptabat
774 3065 919 3129 multum
942 3065 1074 3132 differre
1095 3068 1243 3146 tacende,

362 3171 380 3200 “
404 3165 547 3232 Vocibus
569 3165 714 3250 explosis
737 3165 915 3231 accelerare
938 3173 1043 3252 parat.

318 3274 335 3301 “
359 3267 468 3347 Quam
490 3266 583 3331 dolor
605 3266 752 3332 excludit
775 3267 977 3332 immutant⁷
1000 3268 1123 3353 gaudia
1144 3290 1266 3349 vocem,

363 3374 381 3403 “
405 3367 490 3434 Haee
511 3389 571 3432 aua
593 3368 718 3454 plectra
740 3373 885 3447 monent,
909 3367 963 3433 hic
985 3370 1121 3434 reticere
1138 3369 1257 3455 jubet.⁸

319 3475 337 3507 “
361 3468 456 3535 Inter
478 3474 657 3554 utrumque
679 3489 824 3549 manens,
847 3470 960 3534 neutri
982 3471 1158 3551 consentit,
1182 3476 1323 3558 utroque

363 3575 382 3604 “
405 3570 567 3649 Vincitur,
591 3575 626 3634 et
648 3569 762 3649 vincit,
786 3589 865 3634 voce
887 3575 1018 3636 tacente
1039 3575 1163 3637 tamen.

275 3667 281 3678 '
318 3677 337 3706 “
359 3671 437 3737 Jam
459 3690 528 3735 nox
550 3675 624 3736 tota
644 3669 711 3735 fere
733 3670 842 3736 fuerat
864 3676 1058 3757 consumpta
1079 3671 1233 3755 bibendo,

364 3778 381 3807 “
404 3772 489 3839 Cum
507 3772 579 3858 jem
600 3771 686 3838 fessa
707 3793 799 3838 mero
822 3772 905 3838 dant
927 3793 987 3838 aua
1009 3775 1157 3840 membra
1179 3781 1259 3842 toro.

320 3881 337 3910 “
359 3873 521 3960 Tempora
541 3877 713 3953 nocturna,
736 3873 848 3938 studio
871 3873 984 3940 delusa
1006 3874 1188 3957 bibentum,

364 3982 383 4011 “
405 3975 476 4040 Nec
498 3974 582 4040 bene
605 3974 772 4055 distincto,
796 3977 981 4061 praeteriere
1004 3977 1078 4044 rito.

321 4084 338 4113 “
361 4077 432 4142 Nec
454 4097 546 4141 mora
568 4081 744 4162 potantum
767 4077 879 4162 potuit
900 4083 1031 4143 noctem
1053 4080 1217 4157 remorari,

366 4185 384 4214 ‘⁸
408 4177 497 4259 Quin
518 4197 587 4241 non
609 4182 765 4243 consueta
787 4177 857 4264 lege
880 4177 1000 4264 ligaret
1022 4201 1085 4246 eos.

355 4489 363 4522 ¹
375 4488 440 4539 'luis
450 4489 502 4540 line
513 4488 536 4541 ie
547 4490 652 4540 omitted
662 4489 689 4540 in
700 4490 731 4540 P.
898 4491 908 4524 ⁵
922 4497 984 4552 erat,
996 4491 1025 4542 P.

353 4567 449 4634 'poulo
460 4567 566 4634 deffusus
576 4569 602 4617 ia
614 4568 675 4635 cluo,
686 4569 716 4619 P.
898 4567 909 4600 ⁶
920 4567 1093 4633 Efficeretque,
1105 4569 1135 4620 P.

353 4645 364 4678 ³
375 4663 428 4696 cum
447 4646 470 4696 P
897 4645 909 4684 7
920 4648 1055 4710 comittunt,
1065 4647 1096 4698 P.

354 4725 365 4757 ⁴
376 4725 402 4774 ia
412 4683 500 4784 nitela
512 4726 541 4776 Ρ.
898 4725 909 4757 ³
921 4725 971 4775 lroec
983 4725 1184 4792 reticerejubene,
1196 4727 1224 4778 P.
