3512 5842
499 909 639 962 urennnr
663 909 845 962 srncnnmr
868 913 1081 964 srunrouunr.
1272 899 1311 970 71

266 1091 284 1118 “
309 1085 359 1151 Ul
381 1085 502 1173 praesul
524 1084 624 1161 fieres,
648 1083 805 1170 pepigisti
827 1065 910 1149 ielis.
931 1082 1047 1164 nobis3

313 1193 331 1222 “
354 1189 435 1254 Esto
458 1209 582 1254 memor
603 1186 704 1269 verbi,
728 1207 787 1252 cur
809 1185 889 1251 fecis
911 1185 990 1268 hece,
1014 1186 1068 1250 vel
1090 1185 1162 1252 ime

266 1297 282 1323 “
307 1291 476 1357 Pontificis
498 1290 572 1356 vitu
593 1289 678 1355 liber
701 1294 762 1371 esi,
787 1311 886 1376 quem
905 1288 982 1374 jure
1005 1289 1181 1375 legendum

313 1393 489 1459 “Sumere
512 1393 653 1480 quisque
676 1391 741 1456 sibi
764 1392 873 1472 debet,
898 1392 1056 1477 eumque¹
1077 1393 1182 1478 sequi.

267 1503 282 1528 “
308 1496 478 1562 Pontificis
501 1517 607 1562 mores
630 1495 735 1560 clerus
757 1495 964 1583 populusque
987 1496 1096 1562 fidelis

312 1603 330 1632 “
354 1598 465 1664 Debet
486 1599 523 1663 in
545 1599 734 1685 exemplum
757 1619 886 1684 semper
908 1597 1030 1663 habere
1053 1599 1126 1666 sibi.

269 1707 285 1734 “
309 1700 368 1764 Nil
391 1701 427 1765 in
450 1723 488 1767 eo
510 1700 589 1766 vitii
612 1699 666 1765 vel
688 1721 756 1766 non
778 1700 917 1765 virtutis
940 1699 1055 1766 heberi

314 1808 330 1836 “
354 1803 530 1882 Oondecel,
544 1808 592 1868 *ul
616 1801 723 1867 forma
744 1801 790 1866 sil
811 1802 921 1888 gregis
942 1803 1012 1888 ipse
1035 1803 1096 1868 sui.

269 1911 286 1943 ¹‘
310 1905 389 1969 Non
411 1905 532 1971 leviter
553 1905 643 1991 liget,
667 1909 728 1970 sul
750 1903 867 1984 solvet,
891 1904 1116 1990 quaecunque⁹
1139 1909 1283 1992 poteslas

314 2015 335 2046 “
360 2008 415 2072 Fit
437 2004 607 2094 preciose.3
628 2007 737 2086 nimis,
761 2027 805 2071 ex
826 2005 993 2072 levitate*
1014 2008 1074 2088 sui,

272 2117 288 2143 “
312 2110 474 2198 Simplerr‚
497 2131 567 2175 ncn
590 2109 722 2197 duplex,
746 2107 897 2191 blundus,
920 2130 989 2174 non
1012 2110 1141 2191 blaesus,
1165 2111 1292 2193 honori,

316 2219 333 2248 ‘⁴
357 2213 437 2278 Non
460 2214 561 2294 oncri,
585 2213 722 2278 studeat
744 2211 875 2277 civibus
898 2233 968 2278 esse
992 2213 1068 2279 suis
1280 2205 1282 2208 ⁵

272 2322 289 2350 “
314 2314 382 2395 Qui
404 2337 466 2380 sua
488 2314 604 2401 largiri
627 2313 736 2396 debeb,
759 2335 828 2379 non
850 2314 939 2380 hunc
960 2315 1071 2380 ulienu

318 2423 335 2450 “
360 2417 517 2498 Quolibel
540 2417 681 2482 oblcnlu
703 2415 878 2501 diripuisse
900 2415 1001 2482 decet.

273 2529 289 2554 ‘¹
315 2520 404 2585 Nem
427 2519 517 2585 nisi⁵
540 2519 585 2585 sil
607 2519 750 2606 simplex
772 2519 885 2584 oculus
907 2520 1039 2600 meniis,
1063 2520 1275 2587 tenebrosum

319 2627 336 2655 “
360 2621 482 2688 Tolum
504 2643 620 2708 corpus
643 2621 718 2700 erit,
742 2625 880 2706 telaque
903 2621 975 2688 vile
997 2643 1144 2709 sequens.

274 2731 289 2756 “
313 2721 375 2791 Si⁰
396 2723 486 2809 quod
509 2724 610 2789 hebel
633 2723 778 2789 mundus
801 2728 894 2788 letus
918 2724 1066 2806 virtutis,
1090 2729 1126 2790 in
1150 2747 1254 2791 unum

319 2831 336 2858 “
359 2826 552 2892 Pontificem
575 2827 699 2908 veniel,
724 2826 784 2890 vix
807 2849 881 2892 reor
903 2847 972 2892 csse
995 2829 1084 2893 salis.

274 2935 290 2962 “
315 2927 445 3014 Quique
470 2933 602 2995 tenetur
626 2930 669 2994 ed
701 2928 762 2994 hoc
786 2928 831 2994 sil
858 2935 896 2994 ut
920 2930 1074 2996 omnibus
1099 2935 1134 2997 el
1161 2931 1216 2998 viu
1241 2931 1325 2996 dux-

272 3061 276 3068 .
362 3039 380 3065 rr
405 3029 492 3116 que?

318 3139 334 3167 ‘⁴
359 3133 419 3198 Nil
443 3156 520 3221 ergo
543 3134 620 3201 vicii
644 3131 767 3202 debel⁸
790 3133 903 3200 adesse
926 3135 1001 3203 sibi.

273 3243 291 3272 “
316 3237 394 3302 Non
418 3237 531 3302 odium
554 3237 609 3304 vel
632 3259 724 3304 amor
747 3237 907 3304 heberent
929 3239 1068 3306 rationis
1091 3237 1237 3321 acumen,

319 3345 336 3374 ‘²
360 3340 439 3405 Non
463 3341 594 3405 oculum
617 3339 725 3404 cordis
747 3339 813 3406 faex
836 3340 995 3408 nebulosa
1017 3346 1119 3430 legul.

276 3449 292 3474 “
316 3441 395 3507 Non
418 3465 502 3522 carc,
526 3464 593 3508 non
617 3441 760 3528 sanguis,
784 3464 859 3530 quae
882 3449 962 3510 sunl
983 3444 1136 3511 faciende
1158 3445 1283 3512 revelel

320 3552 336 3580 “
360 3545 509 3610 Primum
531 3543 690 3634 pontifici,
714 3543 862 3632 Spiritus
884 3545 986 3610 immo
1010 3546 1080 3614 Dei.

277 3652 294 3680 “
318 3645 377 3710 Nil
400 3644 523 3713 feeiel⁹
546 3647 635 3734 quod
657 3668 750 3712 amor
773 3647 880 3713 cernis
903 3647 957 3712 vel
978 3649 1119 3717 suaserit
1141 3648 1229 3730 ire,¹⁰

321 3753 339 3782 “
364 3750 445 3816 Haec
469 3749 547 3837 quie
569 3750 766 3838 praecipitat,
789 3751 845 3816 ille
867 3751 1030 3818 trahendo
1052 3752 1144 3840 liget.

274 3859 292 3887 ‘¹
315 3852 368 3920 Sit
391 3853 529 3920 baculus
552 3854 686 3936 cleud0,'
705 3854 751 3919 sit
773 3875 859 3922 crece
881 3854 1004 3938 lumen,
1029 3857 1140 3943 egenti

319 3958 337 3991 “
360 3955 472 4044 Copia,
496 3978 570 4046 spes
593 3957 694 4046 lapso,
718 3956 957 4046 consiliumque
979 3979 1045 4026 rec.

314 4279 321 4312 ¹
334 4295 441 4344 cumque,
453 4280 482 4330 P.
861 4279 871 4312 ⁰
884 4279 921 4330 Et
933 4278 1005 4344 quod,
1017 4279 1048 4330 P.

313 4359 323 4390 ²
334 4375 434 4424 queque
453 4359 481 4407 in
493 4357 536 4410 lhe
549 4357 635 4422 MSS„
653 4359 781 4411 corrected
860 4359 871 4397 7
882 4359 992 4409 omnibus
1003 4359 1183 4423 cumessam,
1195 4359 1226 4408 Β.

279 4440 305 4488 in
317 4439 359 4488 the
371 4438 470 4502 margin
482 4438 514 4487 of
520 4437 555 4489 A.
568 4446 595 4488 to
607 4455 762 4503 quecunque.
803 4470 806 4515 Ι
861 4438 872 4469 ⁸
887 4437 1011 4497 Quidnam
1024 4438 1121 4486 uirtutis
1132 4435 1207 4498 debet,
1217 4437 1247 4486 B.

311 4517 322 4550 ³
337 4517 378 4567 Sil
386 4518 508 4582 preciosa,
519 4517 549 4568 C.
861 4518 968 4582 ⁹sariel,
979 4519 1009 4566 P.

313 4597 363 4648 *de
382 4595 488 4658 levitate,
508 4597 538 4646 B.
574 4599 654 4646 minus
673 4615 704 4647 cr
725 4595 782 4647 leri-
863 4597 883 4629 ¹⁰
894 4595 959 4662 quod
975 4597 1059 4646 cnrnr'e
1071 4612 1139 4646 umor
1151 4596 1188 4647 cel
1202 4597 1330 4661 earpuinis

281 4685 339 4740 lule,
356 4677 385 4726 P.
428 4677 536 4727 Altered
553 4685 580 4727 tc
597 4677 676 4726 minue
696 4677 723 4727 in
741 4677 783 4727 the
829 4685 906 4744 operar,
924 4679 954 4727 B.
989 4675 1027 4726 vel
1042 4677 1147 4726 suescit
1168 4677 1214 4738 ira,
1235 4679 1264 4728 P.
1298 4679 1330 4727 In

280 4756 379 4822 margin
391 4755 421 4806 os
429 4757 462 4807 A.
831 4759 863 4808 A.
876 4757 987 4806 crederit
1002 4756 1029 4804 in
1041 4758 1082 4807 the
1094 4763 1150 4808 text
1166 4757 1188 4808 is
1199 4757 1294 4809 altered
1305 4765 1331 4808 lo

314 4835 395 4887 ὗΝοιι
408 4837 463 4900 uzei,
477 4838 506 4889 P.
831 4838 936 4888 suaserit
948 4836 976 4886 in
988 4836 1031 4886 tlre
1042 4838 1146 4903 margin.
