3512 5842
379 781 422 845 56
482 792 660 858 samareae
683 793 788 842 renus
811 793 856 842 or
878 793 948 840 rna
970 791 1134 840 rwnnrrn
1158 791 1330 846 carrusa.

381 975 398 1004 ‘⁸
422 967 577 1034 Vulneris
599 967 746 1033 exterius
770 965 851 1032 satis
874 969 924 1030 est
948 964 1092 1030 obducta
1115 964 1276 1044 cicatrix3

430 1075 447 1104 “
471 1068 583 1135 Cruda
605 1069 661 1133 sed
684 1069 826 1133 interius
848 1065 987 1131 vulnera
1010 1068 1108 1132 eorda
1130 1072 1255 1134 tenent.

384 1176 402 1206 “
425 1169 503 1236 Jarn
526 1169 706 1256 proscripta
730 1169 797 1246 din,
822 1168 971 1254 proprias
993 1168 1155 1232 remeavit
1177 1168 1220 1232 ad
1243 1189 1317 1231 oras

430 1277 448 1306 “
471 1271 575 1350 Tibia,
599 1271 657 1336 sed
679 1271 759 1336 faeti
783 1272 876 1335 mens
898 1291 1023 1334 memor
1046 1269 1124 1334 exul
1146 1269 1227 1355 agit.

385 1380 403 1409 “
427 1371 489 1438 Pes
510 1371 664 1459 graditur
686 1378 783 1452 reete,
808 1372 915 1436 femur
938 1371 1082 1436 estsine
1104 1369 1240 1435 vulnere
1262 1391 1400 1450 sanum3

430 1481 448 1510 “
471 1473 531 1538 Nil
553 1473 640 1560 sapit
663 1474 789 1553 elisum,
813 1473 899 1538 tibia
921 1493 1003 1537 sana
1025 1471 1101 1538 eoit.

386 1583 404 1610 “
427 1574 598 1640 Olaudieat
620 1579 673 1640 ast
695 1575 835 1654 animus,
859 1579 973 1660 pectus
995 1574 1065 1638 sine
1087 1572 1224 1638 vulnere
1246 1573 1389 1660 languet,

433 1682 451 1711 ‘⁴
475 1674 539 1741 Gor
562 1675 719 1760 queritur,
743 1696 835 1740 mens
858 1681 908 1740 est
931 1675 1038 1740 ulcere
1060 1674 1157 1760 plena
1177 1675 1282 1762 gravi.

388 1784 406 1812 “
430 1776 527 1842 Ultio
550 1798 716 1864 suspensa,
742 1776 903 1862 sineque
926 1798 1017 1842 mens
1039 1777 1119 1842 laesa
1141 1777 1246 1862 quieti

434 1886 452 1914 “
475 1879 535 1943 Nil
558 1879 666 1958 habet,
690 1883 845 1965 expectat
866 1879 1008 1966 pervigil
1030 1881 1108 1942 ante
1130 1877 1224 1943 forea.

390 1987 408 2016 “
432 1977 649 2065 NuHa'quies
670 1981 792 2045 mentis
814 1980 908 2060 laesae,
932 1981 1126 2065 nullumque
1148 1979 1306 2057 levamen,

435 2088 452 2116 “
476 2081 537 2145 Nil
559 2081 625 2145 nisi
648 2081 797 2146 vindicta
819 2086 952 2167 pectora
974 2082 1053 2147 laesa
1072 2079 1185 2147 levat¹
1267 2151 1272 2162 ,

391 2189 409 2218 “
432 2181 511 2247 Non
534 2203 664 2268 mergus
686 2187 853 2269 stagnum,
876 2183 1059 2268 fugientem
1080 2204 1150 2247 nou
1172 2181 1268 2268 lupus
1290 2202 1421 2267 agnum,

437 2291 455 2318 “
479 2285 590 2350 Turba
612 2305 729 2348 eanum
752 2284 905 2370 leporem,
929 2285 983 2350 vel
1005 2284 1075 2349 fera
1097 2289 1194 2370 eapte
1215 2277 1350 2370 fugam

394 2392 411 2421 “
434 2386 506 2452 Nee
528 2386 602 2471 plus
629 2386 727 2472 piscis
750 2409 878 2471 aquam,
902 2407 962 2451 nee
984 2409 1046 2452 ave
1068 2387 1142 2472 plus
1163 2387 1255 2450 nisus
1278 2385 1438 2462 alaudam,

438 2494 455 2522 “
480 2487 588 2568 Quam
611 2509 704 2553 mens
727 2489 910 2554 vindictam
934 2485 1283 2574 111111111111111111111111.8

393 2595 411 2626 “
435 2588 489 2654 sie
512 2609 641 2674 quoque
666 2589 824 2654 Gundulfi
847 2589 958 2676 pullus
980 2590 1133 2676 cupiebat
1155 2589 1262 2674 iniqui

439 2696 456 2724 ‘⁴
480 2689 615 2755 Sumere
638 2690 829 2770 vindictam,
854 2693 883 2755 si
905 2691 994 2756 loeus
1017 2697 1102 2757 esset
1124 2692 1161 2755 ei.

394 2799 412 2827 “
436 2791 595 2857 Creverat
617 2791 653 2854 in
675 2791 799 2876 gallum
822 2797 953 2857 sextum
971 2793 1041 2878 jam
1065 2791 1175 2880 pullus
1198 2793 1235 2856 in
1257 2812 1390 2871 annum,

439 2900 456 2928 ‘⁶
481 2892 662 2978 Fungens³
685 2892 832 2958 defuncti
853 2895 957 2982 patris
979 2893 1102 2959 honere
1124 2894 1183 2958 sui.

394 3001 411 3029 “
436 2993 594 3060 Creverat
617 2998 652 3059 et
674 2993 838 3059 multum⁴
855 2995 927 3080 jam
945 2996 1016 3080 jam
1040 2995 1228 3062 Gundulfus
1251 2995 1287 3059 in
1310 2995 1425 3075 altum,

441 3103 459 3131 ‘⁴
482 3095 625 3180 Jamque
648 3116 709 3160 sue
731 3097 822 3182 patri
844 3096 1095 3162 substituendus
1117 3103 1197 3164 erat.

395 3203 413 3232 ‘⁴
435 3197 459 3262 J
461 3219 514 3261 am
537 3195 621 3260 nihil
644 3196 807 3278 obstabat,
827 3197 898 3282 jam
920 3197 969 3262 nil
992 3197 1115 3278 deerat,
1139 3197 1203 3263 nisi
1226 3198 1314 3263 solus

439 3303 457 3332 “
481 3296 571 3362 Ordo
594 3297 773 3364 saeerdotis
795 3319 901 3383 nuper
923 3298 1092 3364 habendus
1114 3299 1152 3364 ei.

395 3403 413 3433 “
436 3398 562 3464 Praesul
583 3399 671 3463 enim
693 3399 803 3484 victus
825 3399 975 3485 precibus
997 3399 1188 3487 meritisque
1210 3401 1300 3465 beati

441 3505 459 3533 “
482 3499 597 3563 Rufini
619 3505 701 3564 vota
724 3501 852 3564 eensuit
875 3522 944 3566 esse
965 3507 1047 3582 rata,

397 3607 414 3636 “
438 3599 686 3684 Constituitque
710 3599 797 3664 diem
820 3622 885 3686 quo
908 3602 1125 3667 sanctificatio
1148 3605 1244 3667 tanta

442 3707 460 3736 “
484 3700 611 3766 Debuit
633 3699 780 3786 impendi
803 3723 900 3783 more,
924 3703 1109 3789 modoque⁶
1131 3704 1201 3769 loci

398 3809 416 3836 “
439 3801 587 3868 Sabbata
609 3801 766 3866 Natalem
789 3803 925 3868 Domini
948 3806 1132 3890 praeeuntia
1153 3805 1274 3870 festum

444 3909 461 3937 “
484 3902 658 3967 Terminus
680 3909 731 3968 est
753 3903 904 3990 positus,⁰
926 3906 1005 3971 urbs
1027 3903 1222 3971 Tarabella⁷
1244 3907 1342 3972 loeus

400 4009 417 4037 “
441 4001 647 4068 Gundulfum
669 4004 805 4090 provehi
828 4006 968 4093 eupiunt
990 4008 1199 4094 gaudentque
1221 4012 1382 4094 parentes,

444 4110 462 4139 ‘⁸
485 4104 626 4190 Jamque
648 4111 767 4193 parant
790 4107 882 4172 festis
909 4129 1045 4174 munera
1067 4109 1169 4194 digna
1190 4109 1266 4174 suia.

739 4271 846 4278 -.--—-
851 4273 977 4282 ——---

431 4361 440 4395 ¹
452 4360 520 4423 11υοί,
533 4361 564 4412 P.
979 4365 989 4396 ⁴
1004 4365 1125 4414 Creverat
1137 4365 1161 4414 iu
1172 4361 1278 4424 uultum,
1290 4364 1319 4414 P.

431 4441 901 4504 ²0itanrinrhetext0frl.,eorreeted
979 4440 1104 4506 Ueroque,
1114 4443 1144 4494 P.

398 4521 512 4584 toeapr't.
545 4523 740 4588 alterata-epit,
753 4521 783 4572 C.
979 4521 1036 4570 ⁶0⁸2
1042 4527 1157 4585 punctus,
1169 4521 1197 4572 Ρ.

432 4598 595 4649 ⁸Correeted
623 4607 649 4650 to
670 4601 777 4673 sumtus
804 4599 830 4649 in
857 4599 900 4650 the
979 4597 1187 4660 ⁷Carute11a‚P.

399 4676 499 4744 margin
510 4675 537 4725 in
548 4677 582 4726 A.
