3512 5842
531 915 673 966 urentur
695 915 877 966 sercuauu
900 915 1113 968 srunrosuu.
1304 906 1347 970 83

295 1093 313 1120 “
337 1086 448 1154 Mults
469 1087 548 1154 licet
569 1089 711 1155 subeant
732 1089 825 1167 mihi,
846 1088 896 1154 nil
918 1089 960 1154 de
977 1088 1055 1174 jure
1078 1088 1200 1170 licebit,

339 1195 356 1224 “
379 1190 504 1256 Praeter
526 1192 661 1257 mentiri
684 1192 927 1278 magnificando
950 1193 1094 1258 domurn.

295 1296 312 1322 “
337 1291 432 1355 Etsi
455 1297 679 1380 transgressus
701 1293 794 1359 fuero
816 1294 925 1376 semel,
949 1299 1049 1380 atque
1072 1295 1222 1376 secunde,

338 1399 355 1430 “
378 1393 497 1460 'Vade
520 1394 625 1478 foras,’
649 1397 768 1478 dicent,
793 1396 1017 1486 diripientque
1040 1417 1175 1464 crucem.

612 1651 662 1720 Dc
684 1651 808 1740 Neoris
830 1651 1029 1762 Mostella}

293 1811 310 1839 “
333 1805 412 1871 Esse
435 1805 540 1891 Niger
564 1803 743 1870 Monachus
766 1805 794 1870 si
816 1805 902 1870 forte
925 1806 1025 1870 velim
1049 1804 1207 1886 (duniaci,
1277 1789 1282 1798 ⁵

336 1913 353 1940 “
378 1907 451 1972 Ova
472 1905 628 1993 fabasque
651 1907 762 1994 nigras
785 1928 860 1972 oum
886 1907 953 1972 sule
975 1929 1062 1994 saepe
1085 1909 1223 1973 debunt.

291 2016 308 2043 “
332 2010 472 2096 Surgere
494 2031 547 2074 me
569 1997 850 2076 facient2'media
872 2011 912 2074 de
935 2014 1040 2090 nocte,
1062 2009 1228 2075 volentem

335 2119 352 2148 “
376 2111 530 2199 Amplius
552 2113 588 2177 in
611 2113 716 2178 calido
739 2113 886 2178 membra
907 2113 1017 2178 fovere
1039 2117 1120 2178 toro.

292 2221 309 2248 “
333 2214 495 2300 Quodque
518 2214 623 2300 magis
647 2215 778 2294 nollem,
801 2214 927 2280 vellent
954 2237 1006 2280 rne
1027 2215 1165 2300 psallere
1189 2212 1341 2294 sursum,³

336 2323 354 2352 “
378 2319 423 2382 Et
446 2318 613 2403 geminare
635 2338 725 2382 meos
747 2317 784 2380 in
807 2317 963 2403 diapente
985 2323 1091 2385 tonos.

292 2424 309 2450 “
333 2418 407 2482 Vox
431 2423 481 2482 est
503 2439 603 2484 rauce
625 2419 732 2496 nimis,
755 2419 908 2504 quamvis
930 2419 975 2483 sit
999 2423 1033 2484 et
1055 2420 1128 2505 ipsa
1149 2441 1274 2498 sonora,

337 2525 354 2554 “
378 2519 497 2585 Pectus
519 2523 554 2586 et
577 2519 786 2585 obstrusum4
807 2521 907 2586 tussis
929 2519 1047 2586 anhela
1069 2525 1195 2608 gravat.

294 2629 310 2656 “
334 2621 478 2687 Psallere
499 2621 528 2686 si
550 2621 663 2700 nolim,
690 2621 813 2688 facient
837 2644 889 2687 me
911 2623 996 2687 ferre
1019 2623 1193 2703 lucernam,

336 2729 354 2758 “
378 2723 499 2789 Debita
520 2723 695 2788 reddentes
719 2725 855 2810 praernia
878 2745 974 2789 mane
996 2723 1085 2790 mihi.

292 2833 309 2860 “
334 2825 529 2891 Multotiens
553 2845 666 2890 carnes
689 2831 724 2890 et
747 2825 886 2912 pinguia
907 2847 993 2912 saepe
1016 2825 1154 2891 vorare⁵

334 2934 352 2964 “
375 2928 416 2992 In
439 2926 520 2992 feria
542 2931 638 2992 sexta
659 2947 746 3014 saepe
768 2927 881 2994 licebit
904 2925 974 2993 eis⁶

290 3039 307 3065 “
331 3029 481 3096 Pellicias
503 3033 648 3116 portant,
670 3035 705 3095 et
728 3031 824 3117 plura
842 3029 1013 3096 recondita
1035 3036 1178 3111 servant,

335 3139 352 3168 “
378 3131 460 3212 Quae
482 3153 551 3197 non
572 3137 652 3197 sunt
674 3133 770 3198 sociis
792 3133 903 3198 omnia
925 3137 1006 3198 nota
1030 3133 1106 3199 suis.

289 3243 306 3270 “
330 3234 395 3300 Sed
417 3255 524 3321 neque
547 3237 627 3300 sunt
653 3235 795 3300 dominis
818 3235 995 3301 abbatibus
1018 3235 1130 3300 omnia
1152 3243 1242 3317 nota,

334 3344 352 3374 “
377 3337 539 3419 Quamvis
562 3337 617 3402 vel
641 3337 779 3424 cupiant
801 3336 1065 3424 praecipiantque
1087 3340 1176 3404 satie.

291 3449 308 3476 ‘⁶
332 3440 429 3522 Quod
452 3439 481 3505 si
504 3437 676 3526 contingat
698 3437 850 3504 stabilita
872 3437 1004 3504 silentia
1028 3439 1122 3518 solvi,

336 3549 353 3578 “
379 3542 567 3629 Corripient
589 3541 700 3606 verbis
723 3541 978 3628 verberibusque
1001 3541 1107 3608 simul.

291 3651 308 3680 “
332 3646 377 3710 Et
399 3644 427 3709 si
450 3642 641 3731 percutiam,
664 3643 744 3708 vino
766 3643 961 3709 stimulante
983 3645 1038 3709 vel
1060 3645 1118 3725 ira,

334 3751 352 3782 “
376 3747 429 3811 Me
452 3745 610 3832 gravibus
632 3745 736 3833 culpis
759 3745 1007 3833 carceribusque
1031 3747 1168 3813 dabunt.

290 3855 306 3883 “
332 3849 398 3930 Qui
419 3849 484 3914 nisi
506 3849 672 3914 claustrali
694 3849 903 3936 multumque
926 3849 1049 3938 diuque
1071 3850 1276 3917 laborarem⁷

335 3957 352 3988 ‘⁶
376 3949 557 4039 Expertis⁸
578 3951 736 4018 tribuunt
758 3952 926 4018 exteriora
948 3952 1028 4019 loca.

290 4061 307 4090 “
332 4053 409 4119 Non
431 4077 523 4120 anror
547 4053 677 4120 abbatis
702 4053 760 4136 ibi,
783 4077 844 4121 nec
866 4055 1020 4142 cognatio
1043 4055 1180 4142 quaevis,

334 4161 351 4194 “
377 4155 502 4223 Contra
524 4157 714 4223 claustrales
737 4156 920 4224 obtinuisse
944 4161 1062 4246 potest.

324 4421 375 4474 ιΒ.
396 4421 443 4471 bas
461 4421 505 4472 the
523 4421 618 4486 rubrio,
642 4419 710 4473 Ordo
732 4421 793 4474 Olu-
870 4421 924 4474 ‘In
936 4424 1010 4488 seria
1030 4429 1121 4487 quarta
1140 4439 1187 4472 non
1207 4419 1264 4473 licet
1282 4421 1341 4473 r‘llud

288 4501 364 4551 rioci.
430 4533 434 4542 .
836 4499 879 4564 itt,
890 4503 922 4552 Β.

322 4577 332 4610 ⁹
337 4579 462 4642 secernet,
473 4578 503 4630 B.
869 4581 980 4646 tutoque
1003 4581 1094 4646 labore,
1113 4584 1143 4636 B.
1177 4581 1265 4646 diuque
1286 4589 1338 4633 ctu·

321 4656 332 4687 ³
340 4655 432 4722 pellent
443 4671 478 4706 me
488 4673 588 4724 surpere
597 4673 701 4722 aureum,
713 4659 742 4710 P.
836 4661 910 4724 denti,
922 4663 951 4712 P.

323 4735 332 4766 Ι
344 4735 478 4798 obscurum,
489 4737 519 4786 P.
870 4737 1012 4805 wama,
1024 4741 1052 4792 P.

322 4815 502 4877 ⁵vororemffl.
